<record><header><identifier>oai:alma.41SLSP_UGE:991000801259705502</identifier><datestamp>2023-03-22T01:09:35Z</datestamp><setSpec>uge_bcen_RapidILL_BOOK</setSpec><setSpec>uge_aaca_RapidILL_BOOK</setSpec><setSpec>uge_abels_RapidILL_BOOK</setSpec><setSpec>uge_dbu_RapidILL_BOOK</setSpec><setSpec>uge_cmu_RapidILL_BOOK</setSpec><setSpec>uge_mail_RapidILL_BOOK</setSpec><setSpec>uge_abbat_RapidILL_BOOK</setSpec><setSpec>UNIGE_ALL</setSpec><setSpec>uge_aobs_RapidILL_BOOK</setSpec><setSpec>uge_acar_RapidILL_BOOK</setSpec></header><metadata>
<record xmlns="http://www.loc.gov/MARC21/slim" xmlns:xsi="http://www.w3.org/2001/XMLSchema-instance" xsi:schemaLocation="http://www.loc.gov/MARC21/slim http://www.loc.gov/standards/marcxml/schema/MARC21slim.xsd"><leader>01964nam a2200505 c 4500</leader><controlfield tag="001">991000801259705502</controlfield><controlfield tag="005">20201231181247.0</controlfield><controlfield tag="008">201012s1982    xxk    |      00| ||eng|d</controlfield><datafield ind1=" " ind2=" " tag="020"><subfield code="a">052120061X</subfield></datafield><datafield ind1="7" ind2=" " tag="024"><subfield code="a">http://catalogue.bnf.fr/ark:/12148/cb347978199</subfield><subfield code="2">uri</subfield></datafield><datafield ind1=" " ind2=" " tag="035"><subfield code="a">(swissbib)241753465-41slsp_network</subfield></datafield><datafield ind1=" " ind2=" " tag="035"><subfield code="a">241753465</subfield><subfield code="9">ExL</subfield></datafield><datafield ind1=" " ind2=" " tag="035"><subfield code="a">(NEBIS)005775016EBI01</subfield></datafield><datafield ind1=" " ind2=" " tag="035"><subfield code="a">(IDSBB)000525402DSV01</subfield></datafield><datafield ind1=" " ind2=" " tag="035"><subfield code="a">(RERO)1932030-41slsp</subfield></datafield><datafield ind1=" " ind2=" " tag="035"><subfield code="a">(EXLNZ-41SLSP_NETWORK)991105115909705501</subfield></datafield><datafield ind1=" " ind2=" " tag="040"><subfield code="a">SzZuIDS NEBIS ZBZ</subfield><subfield code="d">CH-ZuSLS</subfield></datafield><datafield ind1=" " ind2="7" tag="072"><subfield code="a">an</subfield><subfield code="2">SzZuIDS BS/BE</subfield></datafield><datafield ind1=" " ind2="7" tag="072"><subfield code="a">an</subfield><subfield code="2">rero</subfield></datafield><datafield ind1="1" ind2=" " tag="080"><subfield code="a">820&quot;14/16&quot;BEA3</subfield></datafield><datafield ind1="0" ind2="4" tag="082"><subfield code="a">822.3</subfield><subfield code="2">22</subfield></datafield><datafield ind1="0" ind2="4" tag="082"><subfield code="a">822</subfield></datafield><datafield ind1=" " ind2=" " tag="084"><subfield code="a">HI 1430</subfield><subfield code="2">rvk</subfield></datafield><datafield ind1=" " ind2=" " tag="084"><subfield code="a">HI 1431</subfield><subfield code="2">rvk</subfield></datafield><datafield ind1=" " ind2=" " tag="084"><subfield code="a">HI 2151</subfield><subfield code="2">rvk</subfield></datafield><datafield ind1="1" ind2=" " tag="100"><subfield code="6">880-01</subfield><subfield code="a">Beaumont, Francis</subfield><subfield code="d">1584-1616</subfield><subfield code="0">(IDREF)034476016</subfield><subfield code="4">cre</subfield></datafield><datafield ind1="1" ind2=" " tag="880"><subfield code="a">Beaumont, Francis</subfield><subfield code="d">1584-1616</subfield><subfield code="0">(DE-588)118657771</subfield><subfield code="6">100-01</subfield></datafield><datafield ind1="1" ind2="0" tag="245"><subfield code="a">&lt;&lt;The&gt;&gt; mad lover</subfield><subfield code="b">; The loyal subject ; The humorous lieutenant ; Women pleased ; The island princess</subfield><subfield code="c">[Beaumont, Fletcher]</subfield></datafield><datafield ind1=" " ind2="1" tag="264"><subfield code="a">Cambridge</subfield><subfield code="b">Cambridge University Press</subfield><subfield code="c">1982</subfield></datafield><datafield ind1=" " ind2=" " tag="300"><subfield code="a">VII, 670 p.</subfield><subfield code="c">23 cm</subfield></datafield><datafield ind1=" " ind2=" " tag="336"><subfield code="b">txt</subfield><subfield code="2">rdacontent</subfield></datafield><datafield ind1=" " ind2=" " tag="337"><subfield code="b">n</subfield><subfield code="2">rdamedia</subfield></datafield><datafield ind1=" " ind2=" " tag="338"><subfield code="b">nc</subfield><subfield code="2">rdacarrier</subfield></datafield><datafield ind1="1" ind2=" " tag="490"><subfield code="a">The dramatic works in the Beaumont and Fletcher canon</subfield><subfield code="v">vol. 5</subfield></datafield><datafield ind1="1" ind2="0" tag="600"><subfield code="a">Fletcher, John</subfield><subfield code="d">1579-1625</subfield></datafield><datafield ind1=" " ind2="0" tag="650"><subfield code="a">English drama</subfield><subfield code="y">Early modern and Elizabethan, 1500-1600</subfield></datafield><datafield ind1=" " ind2="0" tag="650"><subfield code="a">English drama</subfield><subfield code="y">Early modern and Elizabethan, 1500-1600</subfield><subfield code="x">History and criticism</subfield></datafield><datafield ind1="1" ind2=" " tag="700"><subfield code="a">Fletcher, John</subfield><subfield code="d">1579-1625</subfield><subfield code="0">(DE-588)118691767</subfield><subfield code="6">880-02</subfield></datafield><datafield ind1="1" ind2=" " tag="880"><subfield code="6">700-02</subfield><subfield code="a">Fletcher, John</subfield><subfield code="d">1579-1625</subfield><subfield code="0">(IDREF)028490118</subfield></datafield><datafield ind1="0" ind2="2" tag="740"><subfield code="a">&lt;&lt;The&gt;&gt; loyal subject</subfield></datafield><datafield ind1="0" ind2="2" tag="740"><subfield code="a">&lt;&lt;The&gt;&gt; humorous lieutenant</subfield></datafield><datafield ind1="0" ind2="2" tag="740"><subfield code="a">Women pleased</subfield></datafield><datafield ind1="0" ind2="2" tag="740"><subfield code="a">&lt;&lt;The&gt;&gt; island princess</subfield></datafield><datafield ind1="1" ind2=" " tag="800"><subfield code="a">Beaumont, Francis</subfield><subfield code="d">1584-1616</subfield><subfield code="t">&lt;&lt;The&gt;&gt; dramatic works in the Beaumont and Fletcher canon</subfield><subfield code="v">5</subfield><subfield code="w">(IDSBB)000025861DSV01</subfield></datafield><datafield ind1=" " ind2=" " tag="900"><subfield code="a">IDSZ2esmon200904r</subfield><subfield code="c">IDSZ2schw</subfield></datafield><datafield ind1=" " ind2=" " tag="900"><subfield code="a">REROnoselfmerge</subfield></datafield></record>
</metadata></record>