<record><header><identifier>oai:alma.41SLSP_UGE:991000800529705502</identifier><datestamp>2023-05-23T00:14:11Z</datestamp><setSpec>uge_bcen_RapidILL_BOOK</setSpec><setSpec>uge_aaca_RapidILL_BOOK</setSpec><setSpec>uge_abels_RapidILL_BOOK</setSpec><setSpec>uge_dbu_RapidILL_BOOK</setSpec><setSpec>uge_cmu_RapidILL_BOOK</setSpec><setSpec>uge_mail_RapidILL_BOOK</setSpec><setSpec>uge_abbat_RapidILL_BOOK</setSpec><setSpec>UNIGE_ALL</setSpec><setSpec>uge_acar_RapidILL_BOOK</setSpec><setSpec>uge_aobs_RapidILL_BOOK</setSpec></header><metadata>
<record xmlns="http://www.loc.gov/MARC21/slim" xmlns:xsi="http://www.w3.org/2001/XMLSchema-instance" xsi:schemaLocation="http://www.loc.gov/MARC21/slim http://www.loc.gov/standards/marcxml/schema/MARC21slim.xsd"><leader>02343nam a22006137c 4500</leader><controlfield tag="001">991000800529705502</controlfield><controlfield tag="005">20230516183318.0</controlfield><controlfield tag="008">201012s1999    gw ||||| |||| 00| ||ger d</controlfield><datafield ind1=" " ind2=" " tag="015"><subfield code="a">99,N10,0479</subfield></datafield><datafield ind1=" " ind2=" " tag="020"><subfield code="a">9783406448805</subfield></datafield><datafield ind1=" " ind2=" " tag="020"><subfield code="a">3406448801</subfield><subfield code="q">brosch.</subfield></datafield><datafield ind1=" " ind2=" " tag="035"><subfield code="a">(swissbib)242508804-41slsp_network</subfield></datafield><datafield ind1=" " ind2=" " tag="035"><subfield code="a">242508804</subfield><subfield code="9">ExL</subfield></datafield><datafield ind1=" " ind2=" " tag="035"><subfield code="a">(RERO)R250895960-41slsp</subfield></datafield><datafield ind1=" " ind2=" " tag="035"><subfield code="a">(NEBIS)002050830EBI01</subfield></datafield><datafield ind1=" " ind2=" " tag="035"><subfield code="a">(IDSBB)001640273DSV01</subfield></datafield><datafield ind1=" " ind2=" " tag="035"><subfield code="a">(EXLNZ-41SLSP_NETWORK)991043968749705501</subfield></datafield><datafield ind1=" " ind2=" " tag="040"><subfield code="a">RERO labcud</subfield><subfield code="d">CH-ZuSLS</subfield></datafield><datafield ind1=" " ind2="7" tag="072"><subfield code="a">dr</subfield><subfield code="2">rero</subfield></datafield><datafield ind1=" " ind2="7" tag="072"><subfield code="a">ag</subfield><subfield code="2">SzZuIDS BS/BE</subfield></datafield><datafield ind1="0" ind2="0" tag="082"><subfield code="a">938/.308</subfield><subfield code="2">21</subfield></datafield><datafield ind1="0" ind2="4" tag="082"><subfield code="a">938 .308</subfield><subfield code="2">21</subfield></datafield><datafield ind1="0" ind2="4" tag="082"><subfield code="a">938.7</subfield></datafield><datafield ind1="1" ind2="4" tag="082"><subfield code="a">930</subfield><subfield code="2">15</subfield></datafield><datafield ind1=" " ind2=" " tag="084"><subfield code="a">6,14</subfield><subfield code="2">ssgn</subfield></datafield><datafield ind1=" " ind2=" " tag="084"><subfield code="a">NG 1500</subfield><subfield code="2">rvk</subfield></datafield><datafield ind1=" " ind2=" " tag="084"><subfield code="a">NH 5411</subfield><subfield code="2">rvk</subfield></datafield><datafield ind1="1" ind2=" " tag="100"><subfield code="a">Dany, Oliver</subfield><subfield code="0">(IDREF)242694144</subfield><subfield code="4">cre</subfield></datafield><datafield ind1="1" ind2="0" tag="245"><subfield code="a">Akarnanien im Hellenismus</subfield><subfield code="b">Geschichte und Völkerreich in Nordwestgriechenland</subfield><subfield code="c">von Oliver Dany</subfield></datafield><datafield ind1=" " ind2="1" tag="264"><subfield code="a">München</subfield><subfield code="b">C.H. Beck</subfield><subfield code="c">1999</subfield></datafield><datafield ind1=" " ind2=" " tag="300"><subfield code="a">XI, 363 p.</subfield><subfield code="b">ill.</subfield><subfield code="c">24 cm</subfield></datafield><datafield ind1=" " ind2=" " tag="336"><subfield code="b">txt</subfield><subfield code="2">rdacontent</subfield></datafield><datafield ind1=" " ind2=" " tag="337"><subfield code="b">n</subfield><subfield code="2">rdamedia</subfield></datafield><datafield ind1=" " ind2=" " tag="338"><subfield code="b">nc</subfield><subfield code="2">rdacarrier</subfield></datafield><datafield ind1="1" ind2=" " tag="490"><subfield code="a">Münchener Beiträge zur Papyrusforschung und antike Rechtsgeschichte</subfield><subfield code="v">H. 89</subfield></datafield><datafield ind1=" " ind2=" " tag="502"><subfield code="a">Diss. Univ. München, 1998</subfield></datafield><datafield ind1=" " ind2=" " tag="504"><subfield code="a">Literaturverz.</subfield></datafield><datafield ind1=" " ind2="7" tag="648"><subfield code="a">Geschichte</subfield><subfield code="2">idszbz</subfield></datafield><datafield ind1=" " ind2="7" tag="648"><subfield code="a">Geschichte 500 v.Chr.-0</subfield><subfield code="2">idszbz</subfield></datafield><datafield ind1=" " ind2="7" tag="648"><subfield code="a">Geschichte 350 v. Chr.-190 v. Chr</subfield><subfield code="2">gnd</subfield></datafield><datafield ind1=" " ind2="7" tag="650"><subfield code="a">Verfassung</subfield><subfield code="0">(DE-588)4062787-1</subfield><subfield code="2">gnd</subfield></datafield><datafield ind1=" " ind2="7" tag="651"><subfield code="a">Étolie-et-Acarnanie (Grèce)</subfield><subfield code="0">(IDREF)050661698</subfield><subfield code="2">idref</subfield></datafield><datafield ind1=" " ind2="7" tag="651"><subfield code="a">Akarnanien</subfield><subfield code="2">idszbz</subfield></datafield><datafield ind1=" " ind2="7" tag="651"><subfield code="a">Akarnanien</subfield><subfield code="0">(DE-588)4079672-3</subfield><subfield code="2">gnd</subfield></datafield><datafield ind1=" " ind2="7" tag="651"><subfield code="a">Arkadien</subfield><subfield code="0">(DE-588)4002921-9</subfield><subfield code="2">gnd</subfield></datafield><datafield ind1=" " ind2="0" tag="651"><subfield code="a">Aitōlia kai Akarnania (Greece)</subfield><subfield code="x">History</subfield></datafield><datafield ind1=" " ind2="0" tag="651"><subfield code="a">Greece</subfield><subfield code="x">History</subfield></datafield><datafield ind1=" " ind2="7" tag="651"><subfield code="a">Akarnanien</subfield><subfield code="y">Geschichte Altertum</subfield><subfield code="2">idsbb</subfield></datafield><datafield ind1=" " ind2="0" tag="651"><subfield code="6">880-01</subfield><subfield code="a">Aitōlia kai Akarnania (Greece)</subfield><subfield code="x">History</subfield></datafield><datafield ind1=" " ind2="7" tag="655"><subfield code="a">Hochschulschrift</subfield><subfield code="2">gnd-content</subfield></datafield><datafield ind1=" " ind2="7" tag="651"><subfield code="a">Grèce</subfield><subfield code="y">323-146 av. J.-C. (Époque hellénistique)</subfield><subfield code="0">(IDREF)027433706</subfield><subfield code="2">idref</subfield></datafield><datafield ind1=" " ind2="0" tag="830"><subfield code="a">Münchener Beiträge zur Papyrusforschung und antiken Rechtsgeschichte</subfield><subfield code="v">89</subfield><subfield code="w">(RERO)0048240-41slsp</subfield></datafield><datafield ind1=" " ind2="0" tag="830"><subfield code="a">Münchener Beiträge zur Papyrusforschung und antiken Rechtsgeschichte</subfield><subfield code="v">89</subfield><subfield code="w">(IDSBB)000026737DSV01</subfield></datafield><datafield ind1=" " ind2=" " tag="900"><subfield code="a">IDSZ2rwimon201001l</subfield><subfield code="c">IDSZ2paru 100115</subfield></datafield><datafield ind1=" " ind2=" " tag="900"><subfield code="f">IDSU2medea</subfield></datafield></record>
</metadata></record>