<record><header><identifier>oai:alma.41SLSP_UGE:991000800429705502</identifier><datestamp>2023-03-01T01:10:13Z</datestamp><setSpec>uge_bcen_RapidILL_BOOK</setSpec><setSpec>uge_aaca_RapidILL_BOOK</setSpec><setSpec>uge_abels_RapidILL_BOOK</setSpec><setSpec>uge_dbu_RapidILL_BOOK</setSpec><setSpec>uge_cmu_RapidILL_BOOK</setSpec><setSpec>uge_mail_RapidILL_BOOK</setSpec><setSpec>UNIGE_ALL</setSpec><setSpec>uge_abbat_RapidILL_BOOK</setSpec><setSpec>uge_aobs_RapidILL_BOOK</setSpec><setSpec>uge_acar_RapidILL_BOOK</setSpec></header><metadata>
<record xmlns="http://www.loc.gov/MARC21/slim" xmlns:xsi="http://www.w3.org/2001/XMLSchema-instance" xsi:schemaLocation="http://www.loc.gov/MARC21/slim http://www.loc.gov/standards/marcxml/schema/MARC21slim.xsd"><leader>01112naa a2200301 c 4500</leader><controlfield tag="001">991000800429705502</controlfield><controlfield tag="005">20201225184218.0</controlfield><controlfield tag="008">000811m19951996sz ||||| |||| 00| ||fre d</controlfield><datafield ind1=" " ind2=" " tag="035"><subfield code="a">(swissbib)089931343-41slsp_network</subfield></datafield><datafield ind1=" " ind2=" " tag="035"><subfield code="a">089931343</subfield><subfield code="9">ExL</subfield></datafield><datafield ind1=" " ind2=" " tag="035"><subfield code="a">(RERO)2017950-41slsp</subfield></datafield><datafield ind1=" " ind2=" " tag="035"><subfield code="a">(EXLNZ-41SLSP_NETWORK)991080488099705501</subfield></datafield><datafield ind1=" " ind2=" " tag="040"><subfield code="a">RERO geuarc</subfield><subfield code="d">CH-ZuSLS</subfield></datafield><datafield ind1=" " ind2=" " tag="044"><subfield code="a">sz</subfield><subfield code="c">ch-ge</subfield></datafield><datafield ind1=" " ind2="7" tag="072"><subfield code="a">at</subfield><subfield code="2">rero</subfield></datafield><datafield ind1="0" ind2="0" tag="245"><subfield code="a">Architectures récentes dans les Grisons</subfield><subfield code="c">Giairo Daghini et Martin Steinmann... [et al.]</subfield></datafield><datafield ind1=" " ind2=" " tag="336"><subfield code="b">txt</subfield><subfield code="2">rdacontent</subfield></datafield><datafield ind1=" " ind2=" " tag="337"><subfield code="b">n</subfield><subfield code="2">rdamedia</subfield></datafield><datafield ind1=" " ind2=" " tag="338"><subfield code="b">nc</subfield><subfield code="2">rdacarrier</subfield></datafield><datafield ind1=" " ind2=" " tag="500"><subfield code="a">Ill</subfield></datafield><datafield ind1=" " ind2=" " tag="580"><subfield code="a">In: Faces. - Genève. - No 34/35(1995), p. 4-34</subfield></datafield><datafield ind1=" " ind2=" " tag="580"><subfield code="a">Egalement publié dans: Faces. - Genève. - No 38(1996), p. 4-28</subfield></datafield><datafield ind1=" " ind2="7" tag="650"><subfield code="a">Architecture suisse grisonne</subfield><subfield code="0">(RERO)A022437246</subfield><subfield code="2">rero</subfield></datafield><datafield ind1=" " ind2="7" tag="655"><subfield code="a">[Études diverses]</subfield><subfield code="0">(RERO)A022249905</subfield><subfield code="2">rero</subfield></datafield><datafield ind1="1" ind2=" " tag="700"><subfield code="a">Daghini, Giairo</subfield><subfield code="0">(RERO)A003151094</subfield></datafield><datafield ind1="1" ind2=" " tag="700"><subfield code="a">Steinmann, Martin</subfield><subfield code="d">1942-</subfield><subfield code="0">(RERO)A016528795</subfield></datafield><datafield ind1="0" ind2=" " tag="773"><subfield code="t">Faces : journal d'architectures</subfield><subfield code="g">34/4</subfield></datafield><datafield ind1="0" ind2=" " tag="773"><subfield code="t">Faces : journal d'architecture</subfield><subfield code="g">38/4</subfield><subfield code="w">(RERO)0682325-41slsp</subfield></datafield><datafield ind1=" " ind2=" " tag="900"><subfield code="a">REROnoselfmerge</subfield></datafield></record>
</metadata></record>