<record><header><identifier>oai:alma.41SLSP_UGE:991000801239705502</identifier><datestamp>2023-09-18T00:41:12Z</datestamp><setSpec>uge_bcen_RapidILL_BOOK</setSpec><setSpec>uge_aaca_RapidILL_BOOK</setSpec><setSpec>uge_abels_RapidILL_BOOK</setSpec><setSpec>uge_dbu_RapidILL_BOOK</setSpec><setSpec>uge_cmu_RapidILL_BOOK</setSpec><setSpec>uge_mail_RapidILL_BOOK</setSpec><setSpec>uge_abbat_RapidILL_BOOK</setSpec><setSpec>UNIGE_ALL</setSpec><setSpec>uge_aobs_RapidILL_BOOK</setSpec><setSpec>uge_acar_RapidILL_BOOK</setSpec></header><metadata>
<record xmlns="http://www.loc.gov/MARC21/slim" xmlns:xsi="http://www.w3.org/2001/XMLSchema-instance" xsi:schemaLocation="http://www.loc.gov/MARC21/slim http://www.loc.gov/standards/marcxml/schema/MARC21slim.xsd"><leader>05465nam a2200697 c 4500</leader><controlfield tag="001">991000801239705502</controlfield><controlfield tag="005">20230807133114.0</controlfield><controlfield tag="008">201011s2020    enk      b||| 001 0 eng| </controlfield><datafield ind1=" " ind2=" " tag="010"><subfield code="a">2020001990</subfield></datafield><datafield ind1=" " ind2=" " tag="020"><subfield code="a">1509926763</subfield></datafield><datafield ind1=" " ind2=" " tag="020"><subfield code="a">9781509926763</subfield><subfield code="q">paperback</subfield></datafield><datafield ind1=" " ind2=" " tag="035"><subfield code="a">(swissbib)211686492-41slsp_network</subfield></datafield><datafield ind1=" " ind2=" " tag="035"><subfield code="a">211686492</subfield><subfield code="9">ExL</subfield></datafield><datafield ind1=" " ind2=" " tag="035"><subfield code="a">(IDSBB)007173491DSV01</subfield></datafield><datafield ind1=" " ind2=" " tag="035"><subfield code="a">(RERO)R009034321-41slsp</subfield></datafield><datafield ind1=" " ind2=" " tag="035"><subfield code="a">(OCoLC)1137752923</subfield></datafield><datafield ind1=" " ind2=" " tag="035"><subfield code="a">(EXLNZ-41SLSP_NETWORK)991044888849705501</subfield></datafield><datafield ind1=" " ind2=" " tag="040"><subfield code="a">DLC</subfield><subfield code="b">ger</subfield><subfield code="e">rda</subfield><subfield code="d">CH-ZuSLS</subfield></datafield><datafield ind1=" " ind2=" " tag="042"><subfield code="a">pcc</subfield></datafield><datafield ind1=" " ind2=" " tag="043"><subfield code="a">e------</subfield></datafield><datafield ind1="0" ind2="0" tag="050"><subfield code="a">KJE5105</subfield><subfield code="b">.V3575 2020</subfield></datafield><datafield ind1=" " ind2="7" tag="072"><subfield code="a">dr</subfield><subfield code="2">rero</subfield></datafield><datafield ind1="0" ind2="0" tag="082"><subfield code="a">341.242/2</subfield><subfield code="2">23</subfield></datafield><datafield ind1="1" ind2="4" tag="082"><subfield code="a">340</subfield><subfield code="2">15</subfield></datafield><datafield ind1=" " ind2=" " tag="084"><subfield code="a">CA/CE 32.2 g</subfield><subfield code="2">cjurrom</subfield></datafield><datafield ind1=" " ind2=" " tag="084"><subfield code="a">D 13 g CE</subfield><subfield code="2">cjurrom</subfield></datafield><datafield ind1="0" ind2="0" tag="245"><subfield code="a">EU external relations law</subfield><subfield code="b">text, cases and materials</subfield><subfield code="c">edited by Ramses A Wessel and Joris Larik</subfield></datafield><datafield ind1=" " ind2=" " tag="250"><subfield code="a">Second edition</subfield></datafield><datafield ind1=" " ind2="1" tag="264"><subfield code="a">Oxford, UK</subfield><subfield code="b">Hart</subfield><subfield code="c">2020</subfield></datafield><datafield ind1=" " ind2=" " tag="300"><subfield code="a">xlv, 513 Seiten</subfield></datafield><datafield ind1=" " ind2=" " tag="336"><subfield code="b">txt</subfield><subfield code="2">rdacontent</subfield></datafield><datafield ind1=" " ind2=" " tag="337"><subfield code="b">n</subfield><subfield code="2">rdamedia</subfield></datafield><datafield ind1=" " ind2=" " tag="338"><subfield code="b">nc</subfield><subfield code="2">rdacarrier</subfield></datafield><datafield ind1=" " ind2=" " tag="500"><subfield code="a">Auteurs de la 1ère édition: Bart Van Vooren et Ramses A. Wessel (Cambridge, Cambridge University Press, 2014)</subfield></datafield><datafield ind1=" " ind2=" " tag="504"><subfield code="a">Includes bibliographical references and index</subfield></datafield><datafield ind1="0" ind2=" " tag="505"><subfield code="a">The European Union as a global legal actor / Ramses A. Wessel (University of Twente) and Joris Larik (Leiden University) -- Principles of EU external action / Anne Thies (University of Reading) -- EU external competence / Andrea Ott (Maastricht University) -- Instruments of EU external action / Joris Larik (Leiden University) and Ramses A. Wessel (University of Twente) -- The EU and International Law / Ramses A Wessel (University of Twente) -- The EU and international institutions / Jed Odermatt (City, University of London) -- Common Commercial Policy / Joris Larik (Leiden University) -- EU Development Policy / Morten Broberg (University of Copenhagen) -- Common Foreign, Security and Defence Policy / Ramses A Wessel (University of Twente) -- EU External Human Rights Policy / Laurent Pech and Joelle Grogan (Middlesex University London) -- EU External Environmental Policy / Gracia Marín Durán (University College London) -- The external dimension of the area of freedom, security and justice / Claudio Matera (University of Twente) -- The EU and its neighbours / Peter Van Elsuwege and Erwan Lannon (Ghent University) -- The external dimension of joining and leaving the EU / Joris Larik (Leiden University), Peter Van Elsuwege (Ghent University) and Bart Van Vooren (Covington)</subfield></datafield><datafield ind1=" " ind2=" " tag="520"><subfield code="a">&quot;The first edition of this seminal textbook made a significant impact on the teaching of EU external relations law. This new edition retains the hallmarks of that success, while providing a fully revised and updated account of this burgeoning field. It offers a dual perspective, looking at questions from both the EU constitutional law perspective (the principles underpinning EU external action, the EU's powers, and the role of the Court of Justice of the EU); and the international law perspective (the effect of international law in the EU legal order and the position of the EU in international organisations such as the WTO). A number of key substantive policy areas are explored, including international trade, security and defence policy, and development cooperation. Taking a 'text, cases and materials' approach, it allows students to gain a thorough understanding of milestones in the evolution of EU law in this area, their judicial interpretation and scholarly appraisal. Linking these pieces together through the authors' commentary and analysis ensures that students are given the necessary guidance to properly position and digest these materials. Lastly, each chapter ends with a section entitled 'The big picture of EU external relations law', which weaves together the diverse and complex materials into a coherent whole and stimulates critical discussion of the topics covered&quot;--</subfield><subfield code="c">Provided by publisher</subfield></datafield><datafield ind1="2" ind2="7" tag="610"><subfield code="a">Europäische Union</subfield><subfield code="0">(DE-588)5098525-5</subfield><subfield code="2">gnd</subfield></datafield><datafield ind1="2" ind2="7" tag="610"><subfield code="a">Union européenne</subfield><subfield code="0">(IDREF)032486324</subfield><subfield code="2">idref</subfield></datafield><datafield ind1=" " ind2="7" tag="650"><subfield code="a">Außenpolitik</subfield><subfield code="0">(DE-588)4003846-4</subfield><subfield code="2">gnd</subfield></datafield><datafield ind1=" " ind2="0" tag="650"><subfield code="a">International cooperation</subfield></datafield><datafield ind1=" " ind2="0" tag="650"><subfield code="a">International and municipal law</subfield><subfield code="z">European Union countries</subfield></datafield><datafield ind1=" " ind2="7" tag="650"><subfield code="a">Internationale Kooperation</subfield><subfield code="0">(DE-588)4120503-0</subfield><subfield code="2">gnd</subfield></datafield><datafield ind1=" " ind2="7" tag="650"><subfield code="a">Recht</subfield><subfield code="0">(DE-588)4048737-4</subfield><subfield code="2">gnd</subfield></datafield><datafield ind1=" " ind2="0" tag="650"><subfield code="a">International cooperation</subfield><subfield code="z">European Union countries</subfield></datafield><datafield ind1=" " ind2="7" tag="650"><subfield code="a">Relations extérieures</subfield><subfield code="0">(IDREF)027811255</subfield><subfield code="2">idref</subfield></datafield><datafield ind1=" " ind2="7" tag="650"><subfield code="a">Traités</subfield><subfield code="0">(IDREF)027442993</subfield><subfield code="2">idref</subfield></datafield><datafield ind1=" " ind2="0" tag="651"><subfield code="a">European Union countries</subfield><subfield code="x">Foreign relations</subfield><subfield code="x">Law and legislation</subfield></datafield><datafield ind1=" " ind2="7" tag="655"><subfield code="a">Fallstudiensammlung</subfield><subfield code="2">gnd-content</subfield></datafield><datafield ind1=" " ind2="7" tag="655"><subfield code="a">Lehrbuch</subfield><subfield code="2">gnd-content</subfield></datafield><datafield ind1=" " ind2="7" tag="655"><subfield code="a">Études de cas</subfield><subfield code="0">(IDREF)027588505</subfield><subfield code="2">idref</subfield></datafield><datafield ind1=" " ind2="7" tag="655"><subfield code="a">Législation</subfield><subfield code="0">(IDREF)028457625</subfield><subfield code="2">idref</subfield></datafield><datafield ind1="0" ind2="8" tag="776"><subfield code="i">Online-Ausgabe</subfield><subfield code="z">9781509926749 (ePDF)</subfield><subfield code="z">9781509926756 (ePub)</subfield></datafield><datafield ind1="1" ind2=" " tag="700"><subfield code="a">Wessel, Ramses A.</subfield><subfield code="d">1964-</subfield><subfield code="6">880-02</subfield><subfield code="0">(DE-588)1034559400</subfield><subfield code="4">edt</subfield></datafield><datafield ind1="1" ind2=" " tag="880"><subfield code="6">700-02</subfield><subfield code="a">Wessel, Ramses A.</subfield><subfield code="0">(IDREF)034384308</subfield></datafield><datafield ind1="1" ind2=" " tag="700"><subfield code="a">Larik, Joris</subfield><subfield code="6">880-03</subfield><subfield code="0">(DE-588)110092535X</subfield><subfield code="4">edt</subfield></datafield><datafield ind1="1" ind2=" " tag="880"><subfield code="6">700-03</subfield><subfield code="a">Larik, Joris</subfield><subfield code="0">(IDREF)191847135</subfield></datafield><datafield ind1="1" ind2=" " tag="700"><subfield code="a">Van Vooren, Bart</subfield><subfield code="e">founder of work</subfield><subfield code="0">(IDREF)158961080</subfield><subfield code="2">idref</subfield><subfield code="4">oth</subfield></datafield><datafield ind1="4" ind2=" " tag="856"><subfield code="3">Inhaltsverzeichnis</subfield><subfield code="u">http://www.ub.unibas.ch/tox/IDSBB/007173491/PDF</subfield><subfield code="q">pdf</subfield></datafield><datafield ind1=" " ind2=" " tag="900"><subfield code="a">Stoppsignal FRED</subfield><subfield code="x">29.05.2020</subfield></datafield><datafield ind1=" " ind2=" " tag="900"><subfield code="a">OK_GND</subfield><subfield code="x">UZB/Z16/202103/basc</subfield></datafield><datafield ind1=" " ind2=" " tag="949"><subfield code="a">http://www.ub.unibas.ch/tox/IDSBB/007173491/PDF</subfield></datafield><datafield ind1=" " ind2=" " tag="961"><subfield code="2">gsi</subfield><subfield code="a">327.7 UE</subfield><subfield code="9">local</subfield></datafield></record>
</metadata></record>