<record><header><identifier>oai:alma.41SLSP_UGE:991000800509705502</identifier><datestamp>2024-10-02T00:07:58Z</datestamp><setSpec>uge_bcen_RapidILL_BOOK</setSpec><setSpec>uge_aaca_RapidILL_BOOK</setSpec><setSpec>uge_abels_RapidILL_BOOK</setSpec><setSpec>uge_dbu_RapidILL_BOOK</setSpec><setSpec>uge_cmu_RapidILL_BOOK</setSpec><setSpec>uge_mail_RapidILL_BOOK</setSpec><setSpec>uge_abbat_RapidILL_BOOK</setSpec><setSpec>UNIGE_ALL</setSpec><setSpec>uge_aobs_RapidILL_BOOK</setSpec><setSpec>uge_acar_RapidILL_BOOK</setSpec></header><metadata>
<record xmlns="http://www.loc.gov/MARC21/slim" xmlns:xsi="http://www.w3.org/2001/XMLSchema-instance" xsi:schemaLocation="http://www.loc.gov/MARC21/slim http://www.loc.gov/standards/marcxml/schema/MARC21slim.xsd"><leader>01647nam a2200385 c 4500</leader><controlfield tag="001">991000800509705502</controlfield><controlfield tag="005">20230302191242.0</controlfield><controlfield tag="008">201012s2000    fr ||||| |||| 00| ||fre d</controlfield><datafield ind1=" " ind2=" " tag="020"><subfield code="a">2877101355</subfield></datafield><datafield ind1=" " ind2=" " tag="035"><subfield code="a">(swissbib)237822830-41slsp_network</subfield></datafield><datafield ind1=" " ind2=" " tag="035"><subfield code="a">237822830</subfield><subfield code="9">ExL</subfield></datafield><datafield ind1=" " ind2=" " tag="035"><subfield code="a">(RERO)R003043713-41slsp</subfield></datafield><datafield ind1=" " ind2=" " tag="035"><subfield code="a">(NEBIS)004198893EBI01</subfield></datafield><datafield ind1=" " ind2=" " tag="035"><subfield code="a">(EXLNZ-41SLSP_NETWORK)991145422389705501</subfield></datafield><datafield ind1=" " ind2=" " tag="040"><subfield code="a">RERO geufpe</subfield><subfield code="d">CH-ZuSLS</subfield></datafield><datafield ind1=" " ind2="7" tag="072"><subfield code="a">ss</subfield><subfield code="2">rero</subfield></datafield><datafield ind1="1" ind2=" " tag="080"><subfield code="a">376.45</subfield></datafield><datafield ind1="1" ind2=" " tag="100"><subfield code="a">Zucman, Elisabeth</subfield><subfield code="c">Médecin</subfield><subfield code="d">1930-....</subfield><subfield code="0">(IDREF)027204707</subfield><subfield code="4">cre</subfield></datafield><datafield ind1="1" ind2="0" tag="245"><subfield code="a">Accompagner les personnes polyhandicapées</subfield><subfield code="b">réflexions autour des apports d'un groupe d'étude du CTNERHI</subfield><subfield code="c">Elisabeth Zucman</subfield></datafield><datafield ind1=" " ind2=" " tag="250"><subfield code="a">2e éd. revue et augmentée</subfield></datafield><datafield ind1=" " ind2="1" tag="264"><subfield code="a">Paris</subfield><subfield code="b">CTNERHI Centre technique national d'études et de recherches sur les handicaps et les inadaptations</subfield><subfield code="c">2000</subfield></datafield><datafield ind1=" " ind2=" " tag="300"><subfield code="a">261 p.</subfield><subfield code="b">ill.</subfield><subfield code="c">22 cm</subfield></datafield><datafield ind1=" " ind2=" " tag="336"><subfield code="b">txt</subfield><subfield code="2">rdacontent</subfield></datafield><datafield ind1=" " ind2=" " tag="337"><subfield code="b">n</subfield><subfield code="2">rdamedia</subfield></datafield><datafield ind1=" " ind2=" " tag="338"><subfield code="b">nc</subfield><subfield code="2">rdacarrier</subfield></datafield><datafield ind1="1" ind2=" " tag="490"><subfield code="a">Collection Etudes et recherches</subfield><subfield code="v">236</subfield></datafield><datafield ind1=" " ind2="7" tag="650"><subfield code="a">Qualité de la vie</subfield><subfield code="0">(IDREF)02744662X</subfield><subfield code="2">idref</subfield></datafield><datafield ind1=" " ind2="7" tag="650"><subfield code="a">Polyhandicapés</subfield><subfield code="0">(IDREF)029335418</subfield><subfield code="2">idref</subfield></datafield><datafield ind1=" " ind2="7" tag="650"><subfield code="a">HANDICAPÉS MENTAUX (PERSONNES)</subfield><subfield code="9">fre</subfield><subfield code="0">(ETHUDK)000043705</subfield><subfield code="2">ethudk</subfield></datafield><datafield ind1=" " ind2="7" tag="650"><subfield code="a">HANDICAPÉS PHYSIQUES (PERSONNES)</subfield><subfield code="9">fre</subfield><subfield code="0">(ETHUDK)000008964</subfield><subfield code="2">ethudk</subfield></datafield><datafield ind1=" " ind2="7" tag="650"><subfield code="a">QUALITÉ DE VIE</subfield><subfield code="9">fre</subfield><subfield code="0">(ETHUDK)000060534</subfield><subfield code="2">ethudk</subfield></datafield><datafield ind1=" " ind2="7" tag="651"><subfield code="a">France</subfield><subfield code="0">(IDREF)027226794</subfield><subfield code="2">idref</subfield></datafield><datafield ind1=" " ind2="7" tag="655"><subfield code="a">[Études diverses]</subfield><subfield code="0">(RERO)A022249905</subfield><subfield code="2">rero</subfield></datafield><datafield ind1=" " ind2=" " tag="830"><subfield code="a">Collection Etudes et recherches</subfield><subfield code="p">CTNERHI</subfield><subfield code="v">236</subfield><subfield code="w">(RERO)R234335760-41slsp</subfield></datafield><datafield ind1=" " ind2=" " tag="830"><subfield code="a">Collection études et recherches</subfield><subfield code="v">236</subfield><subfield code="w">(NEBIS)004191904EBI01</subfield></datafield><datafield ind1=" " ind2=" " tag="900"><subfield code="a">REROnoselfmerge</subfield></datafield></record>
</metadata></record>