<record><header><identifier>oai:alma.41SLSP_UGE:991000800929705502</identifier><datestamp>2024-11-15T01:10:16Z</datestamp><setSpec>uge_bcen_RapidILL_BOOK</setSpec><setSpec>uge_aaca_RapidILL_BOOK</setSpec><setSpec>uge_abels_RapidILL_BOOK</setSpec><setSpec>uge_dbu_RapidILL_BOOK</setSpec><setSpec>uge_cmu_RapidILL_BOOK</setSpec><setSpec>uge_mail_RapidILL_BOOK</setSpec><setSpec>uge_abbat_RapidILL_BOOK</setSpec><setSpec>UNIGE_ALL</setSpec><setSpec>uge_acar_RapidILL_BOOK</setSpec><setSpec>uge_aobs_RapidILL_BOOK</setSpec></header><metadata>
<record xmlns="http://www.loc.gov/MARC21/slim" xmlns:xsi="http://www.w3.org/2001/XMLSchema-instance" xsi:schemaLocation="http://www.loc.gov/MARC21/slim http://www.loc.gov/standards/marcxml/schema/MARC21slim.xsd"><leader>02017nam a2200445 c 4500</leader><controlfield tag="001">991000800929705502</controlfield><controlfield tag="005">20241114195318.0</controlfield><controlfield tag="008">201022s1998    sz ||||| |||| 10| ||ita d</controlfield><datafield ind1=" " ind2=" " tag="020"><subfield code="a">8881183455</subfield></datafield><datafield ind1=" " ind2=" " tag="035"><subfield code="a">(swissbib)252472616-41slsp_network</subfield></datafield><datafield ind1=" " ind2=" " tag="035"><subfield code="a">252472616</subfield><subfield code="9">ExL</subfield></datafield><datafield ind1=" " ind2=" " tag="035"><subfield code="a">(RERO)R249978260-41slsp</subfield></datafield><datafield ind1=" " ind2=" " tag="035"><subfield code="a">(SBT)000124848SBT01</subfield></datafield><datafield ind1=" " ind2=" " tag="035"><subfield code="a">(EXLNZ-41SLSP_NETWORK)991061000099705501</subfield></datafield><datafield ind1=" " ind2=" " tag="040"><subfield code="a">RERO tibcfg</subfield><subfield code="d">CH-ZuSLS</subfield></datafield><datafield ind1=" " ind2=" " tag="044"><subfield code="a">sz</subfield><subfield code="c">ch-ti</subfield></datafield><datafield ind1=" " ind2="7" tag="072"><subfield code="a">at</subfield><subfield code="2">rero</subfield></datafield><datafield ind1="0" ind2="0" tag="245"><subfield code="a">Achille Castiglioni, Franco Sbarro</subfield><subfield code="b">esperienze di architettura: generazioni a confronto</subfield><subfield code="c">[cura e red.: Gabriele Cappellato, Luca Gazzaniga ; collab.: Cristiana Spinedi ... et al.]</subfield></datafield><datafield ind1=" " ind2="1" tag="264"><subfield code="a">Mendrisio</subfield><subfield code="b">Accademia di architettura</subfield><subfield code="a">[Milano]</subfield><subfield code="b">Skira</subfield><subfield code="c">[1998]</subfield></datafield><datafield ind1=" " ind2=" " tag="300"><subfield code="a">84 p.</subfield><subfield code="b">numerose ill.</subfield><subfield code="c">24 x 24 cm</subfield></datafield><datafield ind1=" " ind2=" " tag="336"><subfield code="b">txt</subfield><subfield code="2">rdacontent</subfield></datafield><datafield ind1=" " ind2=" " tag="337"><subfield code="b">n</subfield><subfield code="2">rdamedia</subfield></datafield><datafield ind1=" " ind2=" " tag="338"><subfield code="b">nc</subfield><subfield code="2">rdacarrier</subfield></datafield><datafield ind1="1" ind2=" " tag="490"><subfield code="a">I Quaderni dell'Accademia di architettura Mendrisio</subfield><subfield code="v">1</subfield></datafield><datafield ind1=" " ind2=" " tag="500"><subfield code="a">Ciclo di conferenze dell'Accademia di architettura Mendrisio, Centro Manifestazioni Mercato Coperto, Mendrisio, 22 giugno 1996</subfield></datafield><datafield ind1="1" ind2="7" tag="600"><subfield code="a">Castiglioni, Achille</subfield><subfield code="d">1918-2002</subfield><subfield code="0">(IDREF)028918029</subfield><subfield code="2">idref</subfield></datafield><datafield ind1="1" ind2="7" tag="600"><subfield code="a">Sbarro, Franco</subfield><subfield code="0">(RERO)A010185906</subfield><subfield code="2">rero</subfield></datafield><datafield ind1="1" ind2="7" tag="600"><subfield code="a">Castiglioni, Achille</subfield><subfield code="2">sbt12</subfield></datafield><datafield ind1="1" ind2="7" tag="600"><subfield code="a">Sbarro, Franco</subfield><subfield code="2">sbt12</subfield></datafield><datafield ind1=" " ind2="7" tag="655"><subfield code="a">Actes de congrès</subfield><subfield code="0">(IDREF)02886431X</subfield><subfield code="2">idref</subfield></datafield><datafield ind1=" " ind2=" " tag="691"><subfield code="e">720.030</subfield><subfield code="2">usi-TM</subfield></datafield><datafield ind1="1" ind2=" " tag="700"><subfield code="a">Cappellato, Gabriele</subfield><subfield code="d">1948-....</subfield><subfield code="0">(IDREF)077249151</subfield></datafield><datafield ind1="1" ind2=" " tag="700"><subfield code="a">Gazzaniga, Luca</subfield><subfield code="0">(RERO)A005655818</subfield></datafield><datafield ind1="1" ind2=" " tag="700"><subfield code="a">Spinedi, Cristiana</subfield><subfield code="0">(IDREF)060914157</subfield></datafield><datafield ind1="1" ind2=" " tag="700"><subfield code="a">Castiglioni, Achille</subfield><subfield code="0">(RERO)A003083219</subfield></datafield><datafield ind1="1" ind2=" " tag="700"><subfield code="a">Sbarro, Franco</subfield><subfield code="0">(RERO)A005655819</subfield></datafield><datafield ind1="2" ind2=" " tag="710"><subfield code="a">Accademia di architettura (Mendrisio)</subfield><subfield code="0">(SBT11)000000050</subfield></datafield><datafield ind1="2" ind2=" " tag="710"><subfield code="a">Accademia di architettura (Mendrisio)</subfield><subfield code="b">Conférence</subfield><subfield code="d">1996</subfield><subfield code="c">Mendrisio</subfield><subfield code="0">(RERO)A012433110</subfield></datafield><datafield ind1=" " ind2=" " tag="830"><subfield code="a">&lt;&lt;I&gt;&gt; Quaderni dell'Accademia di architettura Mendrisio</subfield><subfield code="v">1</subfield><subfield code="w">(SBT)000124604SBT01</subfield></datafield><datafield ind1=" " ind2=" " tag="830"><subfield code="a">&lt;&lt;I&gt;&gt; Quaderni dell'Accademia di architettura Mendrisio</subfield><subfield code="v">1</subfield><subfield code="w">(RERO)R248901160-41slsp</subfield></datafield><datafield ind1=" " ind2=" " tag="900"><subfield code="a">REROnoselfmerge</subfield></datafield></record>
</metadata></record>