<record><header><identifier>oai:alma.41SLSP_UGE:991000800829705502</identifier><datestamp>2023-03-01T01:10:13Z</datestamp><setSpec>uge_bcen_RapidILL_BOOK</setSpec><setSpec>uge_aaca_RapidILL_BOOK</setSpec><setSpec>uge_abels_RapidILL_BOOK</setSpec><setSpec>uge_dbu_RapidILL_BOOK</setSpec><setSpec>uge_cmu_RapidILL_BOOK</setSpec><setSpec>uge_mail_RapidILL_BOOK</setSpec><setSpec>UNIGE_ALL</setSpec><setSpec>uge_abbat_RapidILL_BOOK</setSpec><setSpec>uge_aobs_RapidILL_BOOK</setSpec><setSpec>uge_acar_RapidILL_BOOK</setSpec></header><metadata>
<record xmlns="http://www.loc.gov/MARC21/slim" xmlns:xsi="http://www.w3.org/2001/XMLSchema-instance" xsi:schemaLocation="http://www.loc.gov/MARC21/slim http://www.loc.gov/standards/marcxml/schema/MARC21slim.xsd"><leader>02527nam a2200565 c 4500</leader><controlfield tag="001">991000800829705502</controlfield><controlfield tag="005">20201230213557.0</controlfield><controlfield tag="008">201011s2004    xxu||||| |||| 00| ||eng d</controlfield><datafield ind1=" " ind2=" " tag="010"><subfield code="a">2003066063</subfield></datafield><datafield ind1=" " ind2=" " tag="020"><subfield code="a">0821834916</subfield></datafield><datafield ind1=" " ind2=" " tag="035"><subfield code="a">(swissbib)227772849-41slsp_network</subfield></datafield><datafield ind1=" " ind2=" " tag="035"><subfield code="a">227772849</subfield><subfield code="9">ExL</subfield></datafield><datafield ind1=" " ind2=" " tag="035"><subfield code="a">(RERO)R003632539-41slsp</subfield></datafield><datafield ind1=" " ind2=" " tag="035"><subfield code="a">(NEBIS)004732905EBI01</subfield></datafield><datafield ind1=" " ind2=" " tag="035"><subfield code="a">(DLC)--2003066063</subfield></datafield><datafield ind1=" " ind2=" " tag="035"><subfield code="a">(EXLNZ-41SLSP_NETWORK)991042946119705501</subfield></datafield><datafield ind1=" " ind2=" " tag="040"><subfield code="a">RERO geussm</subfield><subfield code="d">CH-ZuSLS</subfield></datafield><datafield ind1=" " ind2=" " tag="050"><subfield code="a">QA3</subfield><subfield code="b">.A57 no. 797</subfield><subfield code="a">QA611.5</subfield></datafield><datafield ind1=" " ind2="7" tag="072"><subfield code="a">ma</subfield><subfield code="2">rero</subfield></datafield><datafield ind1="0" ind2="4" tag="082"><subfield code="a">510 s</subfield><subfield code="a">515/.48</subfield><subfield code="2">22</subfield></datafield><datafield ind1=" " ind2=" " tag="084"><subfield code="a">46</subfield><subfield code="2">msc</subfield></datafield><datafield ind1="1" ind2=" " tag="100"><subfield code="a">Bratteli, Ola</subfield><subfield code="d">1946-2015</subfield><subfield code="0">(IDREF)057026300</subfield><subfield code="4">cre</subfield></datafield><datafield ind1="1" ind2="0" tag="245"><subfield code="a">Representation theory and numerical AF-invariants</subfield><subfield code="b">the representations and centralizers of certain states on Od</subfield><subfield code="c">Ola Bratteli, Palle E.T. Jorgensen, Vasyl' Ostrovs'kyĭ</subfield></datafield><datafield ind1=" " ind2="1" tag="264"><subfield code="a">Providence, R.I.</subfield><subfield code="b">American Mathematical Society</subfield><subfield code="c">2004</subfield></datafield><datafield ind1=" " ind2=" " tag="300"><subfield code="a">XVIII, 178 p.</subfield><subfield code="c">26 cm</subfield></datafield><datafield ind1=" " ind2=" " tag="336"><subfield code="b">txt</subfield><subfield code="2">rdacontent</subfield></datafield><datafield ind1=" " ind2=" " tag="337"><subfield code="b">n</subfield><subfield code="2">rdamedia</subfield></datafield><datafield ind1=" " ind2=" " tag="338"><subfield code="b">nc</subfield><subfield code="2">rdacarrier</subfield></datafield><datafield ind1="1" ind2=" " tag="490"><subfield code="a">Memoirs of the American Mathematical Society</subfield><subfield code="v">no. 797</subfield></datafield><datafield ind1=" " ind2=" " tag="500"><subfield code="a">&quot;March 2004, volume 168, number 797 (second of 4 numbers).&quot;</subfield></datafield><datafield ind1=" " ind2=" " tag="504"><subfield code="a">Includes bibliographical references (p. 166-169)</subfield></datafield><datafield ind1=" " ind2="0" tag="650"><subfield code="a">Ergodic theory</subfield></datafield><datafield ind1=" " ind2="0" tag="650"><subfield code="a">Representations of groups</subfield></datafield><datafield ind1=" " ind2="0" tag="650"><subfield code="a">Selfadjoint operators</subfield></datafield><datafield ind1=" " ind2="0" tag="650"><subfield code="a">Linear operators</subfield></datafield><datafield ind1=" " ind2="7" tag="650"><subfield code="a">DARSTELLUNGEN VON RINGEN UND ALGEBREN (ALGEBRA)</subfield><subfield code="9">ger</subfield><subfield code="0">(ETHUDK)000012695</subfield><subfield code="2">ethudk</subfield></datafield><datafield ind1=" " ind2="7" tag="650"><subfield code="a">OPERATORALGEBREN (FUNKTIONALANALYSIS)</subfield><subfield code="9">ger</subfield><subfield code="0">(ETHUDK)000013479</subfield><subfield code="2">ethudk</subfield></datafield><datafield ind1=" " ind2=" " tag="690"><subfield code="a">46L30</subfield><subfield code="d">States</subfield><subfield code="2">uzb-UT</subfield></datafield><datafield ind1=" " ind2=" " tag="690"><subfield code="a">46L55</subfield><subfield code="d">Noncommutative dynamical systems [See also 28Dxx, 54H20, 58Fxx]</subfield><subfield code="2">uzb-UT</subfield></datafield><datafield ind1=" " ind2=" " tag="690"><subfield code="a">46L89</subfield><subfield code="d">Other &quot;noncommutative&quot; mathematics based on C*-algebra theory [See also 58B30, 58G12]</subfield><subfield code="2">uzb-UT</subfield></datafield><datafield ind1=" " ind2=" " tag="690"><subfield code="a">47A13</subfield><subfield code="d">Several-variable spectral theory</subfield><subfield code="2">uzb-UT</subfield></datafield><datafield ind1=" " ind2=" " tag="690"><subfield code="a">47A67</subfield><subfield code="d">Representation theoryt</subfield><subfield code="2">uzb-UT</subfield></datafield><datafield ind1=" " ind2=" " tag="690"><subfield code="a">47A20</subfield><subfield code="d">Dilations, extensions, compressions</subfield><subfield code="2">uzb-UT</subfield></datafield><datafield ind1=" " ind2=" " tag="690"><subfield code="a">43A65</subfield><subfield code="d">Representations of groups, semigroups; etc. [See also 22A10, 22A20, 22Dxx, 22E45]</subfield><subfield code="2">uzb-UT</subfield></datafield><datafield ind1="1" ind2=" " tag="700"><subfield code="a">Ostrovsʹkyĭ, Vasylʹ</subfield></datafield><datafield ind1="1" ind2=" " tag="700"><subfield code="a">Ostrovsʹkyĭ, Vasylʹ</subfield><subfield code="0">(IDREF)077517067</subfield></datafield><datafield ind1="1" ind2=" " tag="700"><subfield code="a">Jørgensen, Palle E. T.</subfield><subfield code="d">1947-</subfield><subfield code="0">(DE-588)124805515</subfield><subfield code="6">880-03</subfield></datafield><datafield ind1="1" ind2=" " tag="880"><subfield code="6">700-03</subfield><subfield code="a">Jørgensen, Palle E. T.</subfield><subfield code="d">1947-....</subfield><subfield code="0">(IDREF)031636101</subfield></datafield><datafield ind1=" " ind2=" " tag="830"><subfield code="a">Memoirs of the American Mathematical Society</subfield><subfield code="v">797</subfield><subfield code="w">(NEBIS)000023178EBI01</subfield></datafield><datafield ind1=" " ind2=" " tag="900"><subfield code="a">REROnoselfmerge</subfield></datafield><datafield ind1=" " ind2=" " tag="911"><subfield code="a">700</subfield><subfield code="a">Jørgensen, Palle E. T</subfield><subfield code="d">1947-</subfield></datafield></record>
</metadata></record>