<record><header><identifier>oai:alma.41SLSP_UGE:991000800619705502</identifier><datestamp>2023-03-27T00:21:40Z</datestamp><setSpec>uge_bcen_RapidILL_BOOK</setSpec><setSpec>uge_aaca_RapidILL_BOOK</setSpec><setSpec>uge_abels_RapidILL_BOOK</setSpec><setSpec>uge_dbu_RapidILL_BOOK</setSpec><setSpec>uge_cmu_RapidILL_BOOK</setSpec><setSpec>uge_mail_RapidILL_BOOK</setSpec><setSpec>uge_abbat_RapidILL_BOOK</setSpec><setSpec>UNIGE_ALL</setSpec><setSpec>uge_acar_RapidILL_BOOK</setSpec><setSpec>uge_aobs_RapidILL_BOOK</setSpec></header><metadata>
<record xmlns="http://www.loc.gov/MARC21/slim" xmlns:xsi="http://www.w3.org/2001/XMLSchema-instance" xsi:schemaLocation="http://www.loc.gov/MARC21/slim http://www.loc.gov/standards/marcxml/schema/MARC21slim.xsd"><leader>02599nam a2200541 c 4500</leader><controlfield tag="001">991000800619705502</controlfield><controlfield tag="005">20230326202812.0</controlfield><controlfield tag="008">201011t20192019fr     f b||| 000 0 fre|d</controlfield><datafield ind1=" " ind2=" " tag="020"><subfield code="a">270966531X</subfield></datafield><datafield ind1=" " ind2=" " tag="020"><subfield code="a">9782709665315</subfield><subfield code="q">couverture souple</subfield></datafield><datafield ind1="3" ind2=" " tag="024"><subfield code="a">9782709665315</subfield></datafield><datafield ind1="7" ind2=" " tag="024"><subfield code="a">http://catalogue.bnf.fr/ark:/12148/cb457232362</subfield><subfield code="2">uri</subfield></datafield><datafield ind1=" " ind2=" " tag="035"><subfield code="a">(swissbib)232108692-41slsp_network</subfield></datafield><datafield ind1=" " ind2=" " tag="035"><subfield code="a">232108692</subfield><subfield code="9">ExL</subfield></datafield><datafield ind1=" " ind2=" " tag="035"><subfield code="a">(NEBIS)011502222EBI01</subfield></datafield><datafield ind1=" " ind2=" " tag="035"><subfield code="a">(RERO)R008921451-41slsp</subfield></datafield><datafield ind1=" " ind2=" " tag="035"><subfield code="a">(OCoLC)1099932907</subfield></datafield><datafield ind1=" " ind2=" " tag="035"><subfield code="a">(EXLNZ-41SLSP_NETWORK)991002141949705501</subfield></datafield><datafield ind1=" " ind2=" " tag="040"><subfield code="a">ZWZ</subfield><subfield code="b">fre</subfield><subfield code="e">rda</subfield><subfield code="d">CH-ZuSLS</subfield></datafield><datafield ind1=" " ind2="7" tag="072"><subfield code="a">se</subfield><subfield code="2">rero</subfield></datafield><datafield ind1="1" ind2="4" tag="082"><subfield code="a">303.45</subfield><subfield code="2">23</subfield></datafield><datafield ind1="1" ind2=" " tag="100"><subfield code="a">Brunel, Sylvie</subfield><subfield code="0">(RERO)A003050494</subfield><subfield code="4">aut</subfield></datafield><datafield ind1="1" ind2="0" tag="245"><subfield code="a">Toutes ces idées qui nous gâchent la vie</subfield><subfield code="c">Sylvie Brunel</subfield></datafield><datafield ind1=" " ind2="1" tag="264"><subfield code="a">Paris</subfield><subfield code="b">JC Lattès</subfield><subfield code="c">DL 2019</subfield></datafield><datafield ind1=" " ind2=" " tag="300"><subfield code="a">253 pages</subfield><subfield code="c">22 cm</subfield></datafield><datafield ind1=" " ind2=" " tag="336"><subfield code="b">txt</subfield><subfield code="2">rdacontent</subfield></datafield><datafield ind1=" " ind2=" " tag="337"><subfield code="b">n</subfield><subfield code="2">rdamedia</subfield></datafield><datafield ind1=" " ind2=" " tag="338"><subfield code="b">nc</subfield><subfield code="2">rdacarrier</subfield></datafield><datafield ind1=" " ind2=" " tag="500"><subfield code="a">La couverture porte en plus : &quot;Alimentation, climat, santé, progrès, écologie...&quot;</subfield></datafield><datafield ind1=" " ind2=" " tag="504"><subfield code="a">Bibliogr. p. 253-[254]</subfield></datafield><datafield ind1=" " ind2=" " tag="504"><subfield code="a">Bibliogr. en fin de volume</subfield></datafield><datafield ind1=" " ind2=" " tag="520"><subfield code="a">Changement climatique, écologie, alimentation, biodiversité, animaux, énergie, développement... De faux prophètes, qui détestent l'humanité et travaillent surtout à leur petit commerce, nous affirment que l'homme est mauvais et la nature merveilleuse, que le passé était mieux, et que l'avenir sera terrible si ne nous amendons pas. Culpabilisation, repentance, expiation, la recette est vielle comme.</subfield></datafield><datafield ind1=" " ind2="7" tag="650"><subfield code="a">Préjugés</subfield><subfield code="2">ram</subfield></datafield><datafield ind1=" " ind2="7" tag="650"><subfield code="a">Culpabilité</subfield><subfield code="2">ram</subfield></datafield><datafield ind1=" " ind2="7" tag="650"><subfield code="a">Développement durable</subfield><subfield code="2">ram</subfield></datafield><datafield ind1=" " ind2="7" tag="650"><subfield code="a">DÉVELOPPEMENT DURABLE</subfield><subfield code="9">fre</subfield><subfield code="0">(ETHUDK)000050735</subfield><subfield code="2">ethudk</subfield></datafield><datafield ind1=" " ind2="7" tag="650"><subfield code="a">FORMATION DE L'OPINION + CHANGEMENT D'OPINION (SOCIOLOGIE)</subfield><subfield code="9">fre</subfield><subfield code="0">(ETHUDK)000009993</subfield><subfield code="2">ethudk</subfield></datafield><datafield ind1=" " ind2="7" tag="650"><subfield code="a">PRÉJUGÉS + STÉRÉOTYPES + CLICHÉS (PSYCHOLOGIE)</subfield><subfield code="9">fre</subfield><subfield code="0">(ETHUDK)000009581</subfield><subfield code="2">ethudk</subfield></datafield><datafield ind1=" " ind2="7" tag="650"><subfield code="a">SCÉNARIOS + MODÈLES DE L'AVENIR</subfield><subfield code="9">fre</subfield><subfield code="0">(ETHUDK)000052549</subfield><subfield code="2">ethudk</subfield></datafield><datafield ind1=" " ind2="7" tag="650"><subfield code="a">Désinformation</subfield><subfield code="0">(IDREF)027581802</subfield><subfield code="2">idref</subfield></datafield><datafield ind1=" " ind2="7" tag="650"><subfield code="a">Écologie</subfield><subfield code="0">(IDREF)027232700</subfield><subfield code="2">idref</subfield></datafield><datafield ind1=" " ind2="7" tag="650"><subfield code="a">Prévision</subfield><subfield code="0">(IDREF)027789713</subfield><subfield code="2">idref</subfield></datafield><datafield ind1=" " ind2="7" tag="650"><subfield code="a">Civilisation moderne</subfield><subfield code="0">(IDREF)050627058</subfield><subfield code="2">idref</subfield></datafield><datafield ind1=" " ind2="7" tag="650"><subfield code="a">Progrès</subfield><subfield code="0">(IDREF)027266249</subfield><subfield code="2">idref</subfield></datafield><datafield ind1=" " ind2="7" tag="650"><subfield code="a">Développement durable</subfield><subfield code="0">(IDREF)031514669</subfield><subfield code="2">idref</subfield></datafield><datafield ind1=" " ind2="7" tag="650"><subfield code="a">Préjugés</subfield><subfield code="0">(IDREF)02743138X</subfield><subfield code="2">idref</subfield></datafield><datafield ind1=" " ind2="7" tag="650"><subfield code="a">Culpabilité</subfield><subfield code="0">(IDREF)027231410</subfield><subfield code="2">idref</subfield></datafield><datafield ind1=" " ind2=" " tag="900"><subfield code="a">REROnoselfmerge</subfield></datafield><datafield ind1=" " ind2=" " tag="910"><subfield code="a">SUDOC</subfield><subfield code="b">20190503</subfield><subfield code="c">Réutilisation sous conditions: Licence ouverte Etalab</subfield></datafield></record>
</metadata></record>