<record><header><identifier>oai:alma.41SLSP_UGE:991000800729705502</identifier><datestamp>2023-03-01T01:10:13Z</datestamp><setSpec>uge_bcen_RapidILL_BOOK</setSpec><setSpec>uge_aaca_RapidILL_BOOK</setSpec><setSpec>uge_abels_RapidILL_BOOK</setSpec><setSpec>uge_dbu_RapidILL_BOOK</setSpec><setSpec>uge_cmu_RapidILL_BOOK</setSpec><setSpec>uge_mail_RapidILL_BOOK</setSpec><setSpec>UNIGE_ALL</setSpec><setSpec>uge_abbat_RapidILL_BOOK</setSpec><setSpec>uge_acar_RapidILL_BOOK</setSpec><setSpec>uge_aobs_RapidILL_BOOK</setSpec></header><metadata>
<record xmlns="http://www.loc.gov/MARC21/slim" xmlns:xsi="http://www.w3.org/2001/XMLSchema-instance" xsi:schemaLocation="http://www.loc.gov/MARC21/slim http://www.loc.gov/standards/marcxml/schema/MARC21slim.xsd"><leader>02896nam a2200673 c 4500</leader><controlfield tag="001">991000800729705502</controlfield><controlfield tag="005">20230221205613.0</controlfield><controlfield tag="008">201011s1984    sz     |      10| ||ger|d</controlfield><datafield ind1=" " ind2=" " tag="019"><subfield code="a">Datenimport aus BIBDIA ZB Solothurn</subfield><subfield code="5">IDSBB/09.01.2019/A150/bmt</subfield></datafield><datafield ind1=" " ind2=" " tag="035"><subfield code="a">(swissbib)213724251-41slsp_network</subfield></datafield><datafield ind1=" " ind2=" " tag="035"><subfield code="a">213724251</subfield><subfield code="9">ExL</subfield></datafield><datafield ind1=" " ind2=" " tag="035"><subfield code="a">(NEBIS)000681033EBI01</subfield></datafield><datafield ind1=" " ind2=" " tag="035"><subfield code="a">(NEBIS)008514565EBI01</subfield></datafield><datafield ind1=" " ind2=" " tag="035"><subfield code="a">(RERO)0541063-41slsp</subfield></datafield><datafield ind1=" " ind2=" " tag="035"><subfield code="a">(IDSBB)000074937DSV01</subfield></datafield><datafield ind1=" " ind2=" " tag="035"><subfield code="a">(IDSLU)000114965ILU01</subfield></datafield><datafield ind1=" " ind2=" " tag="035"><subfield code="a">(IDSBB)006908698DSV01</subfield></datafield><datafield ind1=" " ind2=" " tag="035"><subfield code="a">(EXLNZ-41SLSP_NETWORK)991060610439705501</subfield></datafield><datafield ind1=" " ind2=" " tag="040"><subfield code="a">ETH-FSK</subfield><subfield code="b">ger</subfield><subfield code="e">ETHICS-ISBD</subfield><subfield code="d">CH-ZuSLS</subfield></datafield><datafield ind1=" " ind2="7" tag="072"><subfield code="a">se</subfield><subfield code="2">rero</subfield></datafield><datafield ind1=" " ind2="7" tag="072"><subfield code="a">wg</subfield><subfield code="2">SzZuIDS BS/BE</subfield></datafield><datafield ind1=" " ind2="7" tag="072"><subfield code="a">17</subfield><subfield code="2">IDS LU</subfield></datafield><datafield ind1="1" ind2="4" tag="082"><subfield code="a">330</subfield><subfield code="2">15</subfield></datafield><datafield ind1=" " ind2=" " tag="084"><subfield code="a">QC 010</subfield><subfield code="2">rvk</subfield></datafield><datafield ind1=" " ind2=" " tag="084"><subfield code="a">A 44 h</subfield><subfield code="2">cjurrom</subfield></datafield><datafield ind1="1" ind2=" " tag="100"><subfield code="a">Winterberger, Gerhard</subfield><subfield code="d">1922-1993</subfield><subfield code="0">(DE-588)118633856</subfield><subfield code="e">Verfasser</subfield><subfield code="4">aut</subfield><subfield code="6">880-01</subfield></datafield><datafield ind1="1" ind2=" " tag="880"><subfield code="a">Winterberger, Gerhard</subfield><subfield code="d">1922-</subfield><subfield code="0">(DE-588)118633856</subfield><subfield code="6">100-01</subfield></datafield><datafield ind1="1" ind2=" " tag="880"><subfield code="a">Winterberger, Gerhard</subfield><subfield code="0">(RERO)A003980407</subfield><subfield code="4">cre</subfield><subfield code="6">100-01</subfield></datafield><datafield ind1="1" ind2="0" tag="245"><subfield code="a">Gefährdung und Sicherung der Marktwirtschaft</subfield><subfield code="b">Vortrag an der Ordentlichen Vollversammlung der Vereinigung Oesterreichischer Industrieller vom 13. Juni 1984 in Wien</subfield><subfield code="c">Gerhard Winterberger</subfield></datafield><datafield ind1=" " ind2="1" tag="264"><subfield code="a">Zürich</subfield><subfield code="b">Vorort des Schweizerischen Handels- und Industrie-Vereins</subfield><subfield code="c">1984</subfield></datafield><datafield ind1=" " ind2=" " tag="300"><subfield code="a">32 p.</subfield><subfield code="c">23 cm</subfield></datafield><datafield ind1=" " ind2=" " tag="336"><subfield code="b">txt</subfield><subfield code="2">rdacontent</subfield></datafield><datafield ind1=" " ind2=" " tag="337"><subfield code="b">n</subfield><subfield code="2">rdamedia</subfield></datafield><datafield ind1=" " ind2=" " tag="338"><subfield code="b">nc</subfield><subfield code="2">rdacarrier</subfield></datafield><datafield ind1="1" ind2=" " tag="490"><subfield code="a">Schriftenreihe des Vororts</subfield><subfield code="v">Nr. 38</subfield></datafield><datafield ind1=" " ind2=" " tag="500"><subfield code="a">Vortrag an der ordentl. Vollversammlung d. Vereinigung Österr. Industrieller vom 13. Juni 1984 in Wien</subfield></datafield><datafield ind1=" " ind2="7" tag="650"><subfield code="a">MARKTWIRTSCHAFT</subfield><subfield code="9">ger</subfield><subfield code="0">(ETHUDK)000010569</subfield><subfield code="2">ethudk</subfield></datafield><datafield ind1=" " ind2="7" tag="650"><subfield code="a">SICHERHEIT UND GEFAHR</subfield><subfield code="9">ger</subfield><subfield code="0">(ETHUDK)000042360</subfield><subfield code="2">ethudk</subfield></datafield><datafield ind1=" " ind2="7" tag="650"><subfield code="a">Interventionismus</subfield><subfield code="0">(DE-588)4120517-0</subfield><subfield code="2">gnd</subfield></datafield><datafield ind1=" " ind2="7" tag="650"><subfield code="a">Marktwirtschaft</subfield><subfield code="0">(DE-588)4037653-9</subfield><subfield code="2">gnd</subfield></datafield><datafield ind1=" " ind2="7" tag="650"><subfield code="a">Wirtschaftspolitik</subfield><subfield code="0">(DE-588)4066493-4</subfield><subfield code="2">gnd</subfield></datafield><datafield ind1=" " ind2="7" tag="650"><subfield code="a">Économie de marché</subfield><subfield code="0">(IDREF)027467287</subfield><subfield code="2">idref</subfield></datafield><datafield ind1=" " ind2="7" tag="650"><subfield code="a">Marktwirtschaft</subfield><subfield code="2">idsbb</subfield></datafield><datafield ind1=" " ind2="7" tag="650"><subfield code="a">Interventionismus</subfield><subfield code="2">idsbb</subfield></datafield><datafield ind1=" " ind2="7" tag="650"><subfield code="a">Wirtschaftspolitik</subfield><subfield code="2">idsbb</subfield></datafield><datafield ind1=" " ind2="4" tag="650"><subfield code="a">Marktwirtschaft</subfield></datafield><datafield ind1=" " ind2="7" tag="650"><subfield code="a">Wirtschaftsförderung</subfield><subfield code="0">(DE-STW)19829-5</subfield><subfield code="2">stw</subfield></datafield><datafield ind1=" " ind2="7" tag="650"><subfield code="a">Wirtschaftspolitik</subfield><subfield code="0">(DE-STW)10987-4</subfield><subfield code="2">stw</subfield></datafield><datafield ind1=" " ind2="7" tag="651"><subfield code="a">Schweiz</subfield><subfield code="0">(DE-588)4053881-3</subfield><subfield code="2">gnd</subfield></datafield><datafield ind1=" " ind2="7" tag="655"><subfield code="a">Konferenzschrift</subfield><subfield code="z">Wien</subfield><subfield code="y">1984</subfield><subfield code="2">gnd-content</subfield></datafield><datafield ind1=" " ind2=" " tag="690"><subfield code="a">Marktwirtschaft / 1980- ersch.</subfield><subfield code="2">uzb-Z9</subfield></datafield><datafield ind1=" " ind2=" " tag="690"><subfield code="a">Wirtschaft</subfield><subfield code="2">uzb-UH</subfield></datafield><datafield ind1=" " ind2=" " tag="690"><subfield code="a">Marktwirtschaft</subfield><subfield code="2">uzb-UH</subfield></datafield><datafield ind1="2" ind2=" " tag="710"><subfield code="a">Vereinigung Österreichischer Industrieller</subfield><subfield code="0">(DE-588)2025828-8</subfield></datafield><datafield ind1="2" ind2=" " tag="711"><subfield code="a">Ordentliche Vollversammlung der Vereinigung Oesterreichischer Industrieller</subfield><subfield code="d">1984</subfield><subfield code="c">Wien</subfield><subfield code="0">(DE-588)1091384169</subfield></datafield><datafield ind1=" " ind2=" " tag="830"><subfield code="a">Schriftenreihe des Vororts</subfield><subfield code="v">38</subfield><subfield code="w">(RERO)0084482-41slsp</subfield></datafield><datafield ind1=" " ind2=" " tag="830"><subfield code="a">Schriftenreihe des Vororts</subfield><subfield code="v">38</subfield><subfield code="w">(IDSLU)000190881ILU01</subfield></datafield><datafield ind1=" " ind2=" " tag="900"><subfield code="a">IDSZ1ZH</subfield></datafield><datafield ind1=" " ind2=" " tag="900"><subfield code="a">REROnoselfmerge</subfield></datafield><datafield ind1=" " ind2=" " tag="900"><subfield code="a">IDSBBnoselfmerge</subfield></datafield></record>
</metadata></record>