<record><header><identifier>oai:alma.41SLSP_UGE:991000801039705502</identifier><datestamp>2023-06-20T00:18:52Z</datestamp><setSpec>uge_bcen_RapidILL_BOOK</setSpec><setSpec>uge_aaca_RapidILL_BOOK</setSpec><setSpec>uge_abels_RapidILL_BOOK</setSpec><setSpec>uge_dbu_RapidILL_BOOK</setSpec><setSpec>uge_cmu_RapidILL_BOOK</setSpec><setSpec>uge_mail_RapidILL_BOOK</setSpec><setSpec>uge_abbat_RapidILL_BOOK</setSpec><setSpec>UNIGE_ALL</setSpec><setSpec>uge_acar_RapidILL_BOOK</setSpec><setSpec>uge_aobs_RapidILL_BOOK</setSpec></header><metadata>
<record xmlns="http://www.loc.gov/MARC21/slim" xmlns:xsi="http://www.w3.org/2001/XMLSchema-instance" xsi:schemaLocation="http://www.loc.gov/MARC21/slim http://www.loc.gov/standards/marcxml/schema/MARC21slim.xsd"><leader>03210nam a2200877 c 4500</leader><controlfield tag="001">991000801039705502</controlfield><controlfield tag="005">20230619204706.0</controlfield><controlfield tag="008">201011s2001    gw ||||| |||| 00| ||ger d</controlfield><datafield ind1=" " ind2=" " tag="015"><subfield code="a">GFR-CIP-01,N13</subfield><subfield code="a">DNB-01,N13,0619</subfield></datafield><datafield ind1="7" ind2=" " tag="016"><subfield code="a">960974849</subfield><subfield code="2">GyFmDB</subfield></datafield><datafield ind1=" " ind2=" " tag="020"><subfield code="a">3484365617</subfield><subfield code="c">Pp. : ca. DM 192.00</subfield></datafield><datafield ind1=" " ind2=" " tag="035"><subfield code="a">(swissbib)225259443-41slsp_network</subfield></datafield><datafield ind1=" " ind2=" " tag="035"><subfield code="a">225259443</subfield><subfield code="9">ExL</subfield></datafield><datafield ind1=" " ind2=" " tag="035"><subfield code="a">(RERO)R003046580-41slsp</subfield></datafield><datafield ind1=" " ind2=" " tag="035"><subfield code="a">(IDSBB)002287061DSV01</subfield></datafield><datafield ind1=" " ind2=" " tag="035"><subfield code="a">(NEBIS)004117846EBI01</subfield></datafield><datafield ind1=" " ind2=" " tag="035"><subfield code="a">(EXLNZ-41SLSP_NETWORK)991138592339705501</subfield></datafield><datafield ind1=" " ind2=" " tag="040"><subfield code="a">RERO frbcuc</subfield><subfield code="d">CH-ZuSLS</subfield></datafield><datafield ind1="0" ind2=" " tag="041"><subfield code="a">ger</subfield><subfield code="a">eng</subfield><subfield code="a">fre</subfield></datafield><datafield ind1=" " ind2="7" tag="072"><subfield code="a">lg</subfield><subfield code="2">rero</subfield></datafield><datafield ind1=" " ind2="7" tag="072"><subfield code="a">gw</subfield><subfield code="2">SzZuIDS BS/BE</subfield></datafield><datafield ind1="0" ind2="0" tag="082"><subfield code="a">407/.2</subfield><subfield code="2">21</subfield></datafield><datafield ind1="0" ind2="4" tag="082"><subfield code="a">407 .2</subfield><subfield code="2">21</subfield></datafield><datafield ind1="0" ind2="4" tag="082"><subfield code="a">430</subfield><subfield code="2">21</subfield></datafield><datafield ind1="1" ind2="4" tag="082"><subfield code="a">407</subfield><subfield code="2">21</subfield></datafield><datafield ind1=" " ind2=" " tag="084"><subfield code="a">EC 1465</subfield><subfield code="2">rvk</subfield></datafield><datafield ind1=" " ind2=" " tag="084"><subfield code="a">EC 5146</subfield><subfield code="2">rvk</subfield></datafield><datafield ind1=" " ind2=" " tag="084"><subfield code="a">ER 540</subfield><subfield code="2">rvk</subfield></datafield><datafield ind1=" " ind2=" " tag="084"><subfield code="a">GG 3765</subfield><subfield code="2">rvk</subfield></datafield><datafield ind1="0" ind2="0" tag="245"><subfield code="a">Philologie und Erkenntnis</subfield><subfield code="b">Beiträge zu Begriff und Problem frühneuzeitlicher &quot;Philologie&quot;</subfield><subfield code="c">hrsg. von Ralph Häfner</subfield></datafield><datafield ind1=" " ind2="1" tag="264"><subfield code="a">Tübingen</subfield><subfield code="b">M. Niemeyer</subfield><subfield code="c">2001</subfield></datafield><datafield ind1=" " ind2=" " tag="300"><subfield code="a">VII, 392 p.</subfield><subfield code="c">24 cm</subfield></datafield><datafield ind1=" " ind2=" " tag="336"><subfield code="b">txt</subfield><subfield code="2">rdacontent</subfield></datafield><datafield ind1=" " ind2=" " tag="337"><subfield code="b">n</subfield><subfield code="2">rdamedia</subfield></datafield><datafield ind1=" " ind2=" " tag="338"><subfield code="b">nc</subfield><subfield code="2">rdacarrier</subfield></datafield><datafield ind1="1" ind2=" " tag="490"><subfield code="a">Frühe Neuzeit</subfield><subfield code="v">Bd. 61</subfield></datafield><datafield ind1=" " ind2=" " tag="500"><subfield code="a">Beitr. dt., engl., franz.</subfield></datafield><datafield ind1=" " ind2="7" tag="648"><subfield code="a">Geschichte</subfield><subfield code="2">idszbz</subfield></datafield><datafield ind1=" " ind2="7" tag="648"><subfield code="a">Geschichte 1500-1800</subfield><subfield code="2">idszbz</subfield></datafield><datafield ind1=" " ind2="7" tag="648"><subfield code="a">Geschichte 1580-1730</subfield><subfield code="2">gnd</subfield></datafield><datafield ind1=" " ind2="7" tag="650"><subfield code="a">Philologie</subfield><subfield code="0">(IDREF)050555537</subfield><subfield code="2">idref</subfield></datafield><datafield ind1=" " ind2="7" tag="650"><subfield code="a">16e siècle-18e siècle</subfield><subfield code="2">idref</subfield></datafield><datafield ind1=" " ind2="7" tag="650"><subfield code="a">Sprachwissenschaft</subfield><subfield code="x">Begriff</subfield><subfield code="y">Geschichte Neuzeit</subfield><subfield code="v">Kongressbericht</subfield><subfield code="2">idsbb</subfield></datafield><datafield ind1=" " ind2="7" tag="650"><subfield code="a">Kultur</subfield><subfield code="2">idszbz</subfield></datafield><datafield ind1=" " ind2="7" tag="650"><subfield code="a">Philologie</subfield><subfield code="2">idszbz</subfield></datafield><datafield ind1=" " ind2="7" tag="650"><subfield code="a">Begriff</subfield><subfield code="0">(DE-588)4005248-5</subfield><subfield code="2">gnd</subfield></datafield><datafield ind1=" " ind2="7" tag="650"><subfield code="a">Philologie</subfield><subfield code="0">(DE-588)4174271-0</subfield><subfield code="2">gnd</subfield></datafield><datafield ind1=" " ind2="7" tag="650"><subfield code="a">Theorie</subfield><subfield code="0">(DE-588)4059787-8</subfield><subfield code="2">gnd</subfield></datafield><datafield ind1=" " ind2="0" tag="650"><subfield code="a">Filologi</subfield><subfield code="y">1600-talet</subfield><subfield code="y">1700-talet</subfield></datafield><datafield ind1=" " ind2="0" tag="650"><subfield code="a">Philologie</subfield><subfield code="x">Begriff</subfield><subfield code="x">Kongress</subfield><subfield code="z">Wolfenbüttel 1998</subfield><subfield code="y">Geschichte 1580-1730</subfield></datafield><datafield ind1=" " ind2="0" tag="650"><subfield code="a">Philology</subfield><subfield code="v">Congresses</subfield><subfield code="x">History</subfield></datafield><datafield ind1=" " ind2="0" tag="650"><subfield code="a">Philology</subfield><subfield code="x">History</subfield><subfield code="x">Congresses</subfield></datafield><datafield ind1=" " ind2="7" tag="651"><subfield code="a">Europe</subfield><subfield code="0">(IDREF)027224651</subfield><subfield code="2">idref</subfield></datafield><datafield ind1=" " ind2="7" tag="655"><subfield code="a">Actes de congrès</subfield><subfield code="0">(IDREF)02886431X</subfield><subfield code="2">idref</subfield></datafield><datafield ind1=" " ind2="7" tag="655"><subfield code="a">Aufsatzsammlung</subfield><subfield code="2">idszbz</subfield></datafield><datafield ind1=" " ind2=" " tag="690"><subfield code="a">Philosophie</subfield><subfield code="2">uzb-UG</subfield></datafield><datafield ind1=" " ind2=" " tag="690"><subfield code="a">Philologie</subfield><subfield code="2">uzb-UG</subfield></datafield><datafield ind1=" " ind2=" " tag="690"><subfield code="a">Wissenschaftsgeschichte</subfield><subfield code="2">uzb-UG</subfield></datafield><datafield ind1=" " ind2=" " tag="690"><subfield code="a">1500-1600</subfield><subfield code="2">uzb-UG</subfield></datafield><datafield ind1=" " ind2=" " tag="690"><subfield code="a">1600-1700</subfield><subfield code="2">uzb-UG</subfield></datafield><datafield ind1=" " ind2=" " tag="690"><subfield code="a">1700-1800</subfield><subfield code="2">uzb-UG</subfield></datafield><datafield ind1=" " ind2=" " tag="690"><subfield code="a">Philologie</subfield><subfield code="2">uzb-VI</subfield></datafield><datafield ind1=" " ind2=" " tag="690"><subfield code="a">Philosophie</subfield><subfield code="2">uzb-VI</subfield></datafield><datafield ind1=" " ind2=" " tag="690"><subfield code="a">Theologie</subfield><subfield code="2">uzb-VI</subfield></datafield><datafield ind1=" " ind2=" " tag="690"><subfield code="a">Wissenschaftsgeschichte</subfield><subfield code="2">uzb-VI</subfield></datafield><datafield ind1=" " ind2=" " tag="690"><subfield code="a">Kulturgeschichte</subfield><subfield code="2">uzb-UG</subfield></datafield><datafield ind1=" " ind2=" " tag="690"><subfield code="a">Frühe Neuzeit</subfield><subfield code="2">uzb-VI</subfield></datafield><datafield ind1=" " ind2=" " tag="690"><subfield code="a">Erkenntnis</subfield><subfield code="2">uzb-VI</subfield></datafield><datafield ind1=" " ind2=" " tag="690"><subfield code="a">Theologie</subfield><subfield code="2">uzb-UG</subfield></datafield><datafield ind1="1" ind2=" " tag="700"><subfield code="a">Häfner, Ralph</subfield><subfield code="d">1962-</subfield><subfield code="0">(DE-588)114577455</subfield><subfield code="6">880-02</subfield></datafield><datafield ind1="1" ind2=" " tag="880"><subfield code="6">700-02</subfield><subfield code="a">Häfner, Ralph</subfield><subfield code="d">1962-....</subfield><subfield code="0">(IDREF)050409204</subfield></datafield><datafield ind1="4" ind2=" " tag="856"><subfield code="3">Inhaltsverzeichnis</subfield><subfield code="u">http://www.ub.unibas.ch/tox/HBZ/HT013050379/PDF</subfield><subfield code="q">pdf</subfield></datafield><datafield ind1=" " ind2="0" tag="830"><subfield code="a">Frühe Neuzeit</subfield><subfield code="v">61</subfield><subfield code="w">(NEBIS)000977426EBI01</subfield></datafield><datafield ind1=" " ind2="0" tag="830"><subfield code="a">Frühe Neuzeit</subfield><subfield code="v">61</subfield><subfield code="w">(IDSBB)000587781DSV01</subfield></datafield><datafield ind1=" " ind2="0" tag="830"><subfield code="a">Frühe Neuzeit</subfield><subfield code="v">61</subfield><subfield code="w">(RERO)1214814-41slsp</subfield></datafield><datafield ind1=" " ind2=" " tag="900"><subfield code="a">IDSZ2zbzmon200108f</subfield><subfield code="c">IDSZ2klau</subfield><subfield code="d">IDSZ2zbzswk200211b</subfield><subfield code="e">IDSZ2groc</subfield></datafield><datafield ind1=" " ind2=" " tag="949"><subfield code="a">http://www.ub.unibas.ch/tox/HBZ/HT013050379/PDF</subfield></datafield></record>
</metadata></record>