<record><header><identifier>oai:alma.41SLSP_UGE:991000801069705502</identifier><datestamp>2024-04-09T00:11:42Z</datestamp><setSpec>uge_bcen_RapidILL_BOOK</setSpec><setSpec>uge_aaca_RapidILL_BOOK</setSpec><setSpec>uge_abels_RapidILL_BOOK</setSpec><setSpec>uge_dbu_RapidILL_BOOK</setSpec><setSpec>uge_cmu_RapidILL_BOOK</setSpec><setSpec>uge_mail_RapidILL_BOOK</setSpec><setSpec>uge_abbat_RapidILL_BOOK</setSpec><setSpec>UNIGE_ALL</setSpec><setSpec>uge_acar_RapidILL_BOOK</setSpec><setSpec>uge_aobs_RapidILL_BOOK</setSpec></header><metadata>
<record xmlns="http://www.loc.gov/MARC21/slim" xmlns:xsi="http://www.w3.org/2001/XMLSchema-instance" xsi:schemaLocation="http://www.loc.gov/MARC21/slim http://www.loc.gov/standards/marcxml/schema/MARC21slim.xsd"><leader>01510nam a2200373 c 4500</leader><controlfield tag="001">991000801069705502</controlfield><controlfield tag="005">20231204163142.0</controlfield><controlfield tag="008">201012s1970    fr ||||| |||| 00| ||fre d</controlfield><datafield ind1="7" ind2=" " tag="024"><subfield code="a">http://catalogue.bnf.fr/ark:/12148/cb37388114d</subfield><subfield code="2">uri</subfield></datafield><datafield ind1=" " ind2=" " tag="035"><subfield code="a">(swissbib)23971444X-41slsp_network</subfield></datafield><datafield ind1=" " ind2=" " tag="035"><subfield code="a">23971444X</subfield><subfield code="9">ExL</subfield></datafield><datafield ind1=" " ind2=" " tag="035"><subfield code="a">(RERO)0154023-41slsp</subfield></datafield><datafield ind1=" " ind2=" " tag="035"><subfield code="a">(NEBIS)002974068EBI01</subfield></datafield><datafield ind1=" " ind2=" " tag="035"><subfield code="a">(IDSBB)002803168DSV01</subfield></datafield><datafield ind1=" " ind2=" " tag="035"><subfield code="a">(EXLNZ-41SLSP_NETWORK)991014841099705501</subfield></datafield><datafield ind1=" " ind2=" " tag="040"><subfield code="a">RERO</subfield><subfield code="d">CH-ZuSLS</subfield></datafield><datafield ind1=" " ind2="7" tag="072"><subfield code="a">fr</subfield><subfield code="2">rero</subfield></datafield><datafield ind1="1" ind2=" " tag="080"><subfield code="a">840&quot;18&quot;VIG.A7Con</subfield></datafield><datafield ind1="1" ind2=" " tag="100"><subfield code="a">Vigny, Alfred &lt;&lt;de&gt;&gt;</subfield><subfield code="d">1797-1863</subfield><subfield code="6">880-01</subfield><subfield code="0">(DE-588)118768441</subfield></datafield><datafield ind1="1" ind2=" " tag="880"><subfield code="6">100-01</subfield><subfield code="a">Vigny, Alfred de</subfield><subfield code="d">1797-1863</subfield><subfield code="0">(IDREF)027185311</subfield><subfield code="4">cre</subfield></datafield><datafield ind1="1" ind2="0" tag="245"><subfield code="a">&lt;&lt;Les&gt;&gt; consultations du docteur Noir</subfield><subfield code="c">Vigny ; [sommaire biographique, introd., notes, relevé de variantes par François Germain]</subfield></datafield><datafield ind1=" " ind2="1" tag="264"><subfield code="a">Paris</subfield><subfield code="b">Garnier</subfield><subfield code="c">1970</subfield></datafield><datafield ind1=" " ind2=" " tag="300"><subfield code="a">LXIV, 453 p.</subfield><subfield code="b">fig.</subfield><subfield code="c">19 cm</subfield></datafield><datafield ind1=" " ind2=" " tag="336"><subfield code="b">txt</subfield><subfield code="2">rdacontent</subfield></datafield><datafield ind1=" " ind2=" " tag="337"><subfield code="b">n</subfield><subfield code="2">rdamedia</subfield></datafield><datafield ind1=" " ind2=" " tag="338"><subfield code="b">nc</subfield><subfield code="2">rdacarrier</subfield></datafield><datafield ind1="1" ind2=" " tag="490"><subfield code="a">Classiques Garnier</subfield></datafield><datafield ind1=" " ind2=" " tag="500"><subfield code="a">Contient : Première consultation : Stello ; Seconde consultation du docteur Noir : Daphné</subfield></datafield><datafield ind1="0" ind2="0" tag="505"><subfield code="t">&lt;&lt;Première consultation:&gt;&gt; Stello</subfield><subfield code="t">&lt;&lt;Seconde consulatation du docteur Noir:&gt;&gt; Daphné</subfield></datafield><datafield ind1="1" ind2=" " tag="700"><subfield code="a">Germain, François</subfield><subfield code="d">1915-....</subfield><subfield code="0">(IDREF)026888904</subfield></datafield><datafield ind1="1" ind2="2" tag="700"><subfield code="a">Vigny, Alfred &lt;&lt;de&gt;&gt;</subfield><subfield code="d">1797-1863</subfield><subfield code="t">Stello</subfield></datafield><datafield ind1="1" ind2="2" tag="700"><subfield code="a">Vigny, Alfred &lt;&lt;de&gt;&gt;</subfield><subfield code="d">1797-1863</subfield><subfield code="t">Daphné</subfield></datafield><datafield ind1=" " ind2=" " tag="830"><subfield code="a">Classiques Garnier</subfield><subfield code="w">(RERO)0024901-41slsp</subfield></datafield><datafield ind1=" " ind2=" " tag="900"><subfield code="a">REROnoselfmerge</subfield></datafield><datafield ind1=" " ind2=" " tag="900"><subfield code="a">IDSZRMedeaZBZ</subfield><subfield code="b">IDSZRSWK</subfield></datafield></record>
</metadata></record>