<record><header><identifier>oai:alma.41SLSP_UGE:991000800759705502</identifier><datestamp>2023-03-27T00:20:57Z</datestamp><setSpec>uge_bcen_RapidILL_BOOK</setSpec><setSpec>uge_aaca_RapidILL_BOOK</setSpec><setSpec>uge_abels_RapidILL_BOOK</setSpec><setSpec>uge_dbu_RapidILL_BOOK</setSpec><setSpec>uge_cmu_RapidILL_BOOK</setSpec><setSpec>uge_mail_RapidILL_BOOK</setSpec><setSpec>uge_abbat_RapidILL_BOOK</setSpec><setSpec>UNIGE_ALL</setSpec><setSpec>uge_acar_RapidILL_BOOK</setSpec><setSpec>uge_aobs_RapidILL_BOOK</setSpec></header><metadata>
<record xmlns="http://www.loc.gov/MARC21/slim" xmlns:xsi="http://www.w3.org/2001/XMLSchema-instance" xsi:schemaLocation="http://www.loc.gov/MARC21/slim http://www.loc.gov/standards/marcxml/schema/MARC21slim.xsd"><leader>03141nam a2200577 c 4500</leader><controlfield tag="001">991000800759705502</controlfield><controlfield tag="005">20230223205151.0</controlfield><controlfield tag="008">201011s2013    fr ||||| |||| 00| ||fre d</controlfield><datafield ind1=" " ind2=" " tag="020"><subfield code="a">9782753527546</subfield></datafield><datafield ind1=" " ind2=" " tag="020"><subfield code="a">2753527547</subfield></datafield><datafield ind1=" " ind2=" " tag="035"><subfield code="a">(swissbib)232245444-41slsp_network</subfield></datafield><datafield ind1=" " ind2=" " tag="035"><subfield code="a">232245444</subfield><subfield code="9">ExL</subfield></datafield><datafield ind1=" " ind2=" " tag="035"><subfield code="a">(RERO)R007541215-41slsp</subfield></datafield><datafield ind1=" " ind2=" " tag="035"><subfield code="a">(IDSSG)000647053HSB01</subfield></datafield><datafield ind1=" " ind2=" " tag="035"><subfield code="a">(NEBIS)010076860EBI01</subfield></datafield><datafield ind1=" " ind2=" " tag="035"><subfield code="a">(OCoLC)864873735</subfield></datafield><datafield ind1=" " ind2=" " tag="035"><subfield code="a">(EXLNZ-41SLSP_NETWORK)991101536029705501</subfield></datafield><datafield ind1=" " ind2=" " tag="040"><subfield code="a">RERO gevbge</subfield><subfield code="d">CH-ZuSLS</subfield></datafield><datafield ind1=" " ind2=" " tag="050"><subfield code="a">PN56.L33</subfield><subfield code="b">T73 2013</subfield></datafield><datafield ind1=" " ind2="7" tag="072"><subfield code="a">lc</subfield><subfield code="2">rero</subfield></datafield><datafield ind1=" " ind2="7" tag="072"><subfield code="a">dr</subfield><subfield code="2">rero</subfield></datafield><datafield ind1="1" ind2="4" tag="082"><subfield code="a">800</subfield></datafield><datafield ind1="0" ind2="0" tag="245"><subfield code="a">Transgression, littérature et droit</subfield><subfield code="c">études réunies et présentées par Christine Baron ... [et al.]</subfield></datafield><datafield ind1=" " ind2="1" tag="264"><subfield code="a">Rennes</subfield><subfield code="b">Presses Univ. de Rennes</subfield><subfield code="c">2013</subfield></datafield><datafield ind1=" " ind2=" " tag="300"><subfield code="a">190 p.</subfield></datafield><datafield ind1=" " ind2=" " tag="336"><subfield code="b">txt</subfield><subfield code="2">rdacontent</subfield></datafield><datafield ind1=" " ind2=" " tag="337"><subfield code="b">n</subfield><subfield code="2">rdamedia</subfield></datafield><datafield ind1=" " ind2=" " tag="338"><subfield code="b">nc</subfield><subfield code="2">rdacarrier</subfield></datafield><datafield ind1="1" ind2=" " tag="490"><subfield code="a">La Licorne</subfield><subfield code="v">106</subfield></datafield><datafield ind1=" " ind2="7" tag="650"><subfield code="a">Littérature comparée</subfield><subfield code="0">(IDREF)027236838</subfield><subfield code="2">idref</subfield></datafield><datafield ind1=" " ind2="7" tag="650"><subfield code="a">Droit</subfield><subfield code="0">(IDREF)027466868</subfield><subfield code="2">idref</subfield></datafield><datafield ind1=" " ind2="7" tag="650"><subfield code="a">Recht</subfield><subfield code="0">(DE-588)4048737-4</subfield><subfield code="2">gnd</subfield></datafield><datafield ind1=" " ind2="7" tag="650"><subfield code="a">Literatur</subfield><subfield code="0">(DE-588)4035964-5</subfield><subfield code="2">gnd</subfield></datafield><datafield ind1=" " ind2="7" tag="650"><subfield code="a">Grenzüberschreitung</subfield><subfield code="0">(DE-588)4367340-5</subfield><subfield code="2">gnd</subfield></datafield><datafield ind1=" " ind2="7" tag="650"><subfield code="a">Recht</subfield><subfield code="g">Motiv</subfield><subfield code="0">(DE-588)4121561-8</subfield><subfield code="2">gnd</subfield></datafield><datafield ind1=" " ind2="0" tag="650"><subfield code="a">Law in literature</subfield></datafield><datafield ind1=" " ind2="0" tag="650"><subfield code="a">Crime in literature</subfield></datafield><datafield ind1=" " ind2="0" tag="650"><subfield code="a">Law and literature</subfield></datafield><datafield ind1=" " ind2="7" tag="655"><subfield code="a">[Études diverses]</subfield><subfield code="0">(RERO)A022249905</subfield><subfield code="2">rero</subfield></datafield><datafield ind1=" " ind2="7" tag="655"><subfield code="a">Aufsatzsammlung</subfield><subfield code="2">gnd-content</subfield></datafield><datafield ind1=" " ind2=" " tag="690"><subfield code="a">Literatur; Baron; Rechtsnorm; Eherecht; Aufgabe; Verzeichnis; Normung; Gesetz; Widerspruch; Foucault; Krieger; Fabel; Geheimnis; Gewissen; Kontext; Mädchen; Verletzung; Auslegung; Beugung; Fiktion; Aporie; Gefangener; Legalität; Legitimität; Straftat; Test; kaufmännische Berufe</subfield><subfield code="2">idssg-J</subfield></datafield><datafield ind1=" " ind2=" " tag="690"><subfield code="a">Inhaltsverzeichnis; Spieltrieb; Kreuzungsstelle; Leichterflak; Normungspolitik; PierreYves; Zeh</subfield><subfield code="2">idssg-J</subfield></datafield><datafield ind1=" " ind2=" " tag="690"><subfield code="a">böses Gewissen; fiktionaler Kontext; fiktionaler Text; klassische Literatur; literarische Beugung; neu Yizhar; patristische Literatur; problematische Umsetzung; rechtliche Auslegung; rechtliche Fiktion; schwarzer Mensch; siebzehntes Jahrhundert; unglücklicher Ehemann</subfield><subfield code="2">idssg-J</subfield></datafield><datafield ind1=" " ind2=" " tag="690"><subfield code="a">Frankreich C4EUFR; Italien C4EUIT; China C9CHIN</subfield><subfield code="2">idssg-J</subfield></datafield><datafield ind1=" " ind2=" " tag="690"><subfield code="a">Amiri Baraka; Baculard Arnaud; Charline Pluvinet; Christine Baron; Cyril Vettorato; Dominique Lhuillier; François Favreau Sinking; Frédérique LeichterFlak Aporien; Gabriele Vickermann; Jean Baptiste Amadieu; Jean François Favreau Sinking; Michel Foucault; Normungspolitik Schwarze Menschen; Olivier Krieger; Philippe Zard; PierreYves Quiviger; Presses Universitaires; Rennes; Thomas Hochmann</subfield><subfield code="2">idssg-J</subfield></datafield><datafield ind1="1" ind2=" " tag="700"><subfield code="a">Baron, Christine</subfield><subfield code="0">(RERO)A002970668</subfield></datafield><datafield ind1="4" ind2=" " tag="856"><subfield code="3">Titelblatt und Inhaltsverzeichnis</subfield><subfield code="u">https://toc.library.ethz.ch/objects/pdf03/z01_978-2-7535-2754-6_01.pdf</subfield><subfield code="q">pdf</subfield></datafield><datafield ind1=" " ind2=" " tag="830"><subfield code="a">&lt;&lt;La&gt;&gt; Licorne</subfield><subfield code="v">106</subfield><subfield code="w">(NEBIS)000992285EBI01</subfield></datafield><datafield ind1=" " ind2=" " tag="900"><subfield code="a">REROnoselfmerge</subfield></datafield><datafield ind1=" " ind2=" " tag="900"><subfield code="a">IDSZ2zbzmon201404f</subfield><subfield code="c">IDSZ2spie</subfield><subfield code="d">IDSZ2zbzswk201407b</subfield><subfield code="e">IDSZ2kara</subfield></datafield><datafield ind1=" " ind2=" " tag="911"><subfield code="a">700</subfield><subfield code="a">Baron, Christine</subfield><subfield code="d">1960-</subfield></datafield><datafield ind1=" " ind2=" " tag="949"><subfield code="a">https://toc.library.ethz.ch/objects/pdf03/z01_978-2-7535-2754-6_01.pdf</subfield></datafield></record>
</metadata></record>