<record><header><identifier>oai:alma.41SLSP_UGE:991000800349705502</identifier><datestamp>2023-03-09T01:08:13Z</datestamp><setSpec>uge_bcen_RapidILL_BOOK</setSpec><setSpec>uge_aaca_RapidILL_BOOK</setSpec><setSpec>uge_abels_RapidILL_BOOK</setSpec><setSpec>uge_dbu_RapidILL_BOOK</setSpec><setSpec>uge_cmu_RapidILL_BOOK</setSpec><setSpec>uge_mail_RapidILL_BOOK</setSpec><setSpec>uge_abbat_RapidILL_BOOK</setSpec><setSpec>UNIGE_ALL</setSpec><setSpec>uge_acar_RapidILL_BOOK</setSpec><setSpec>uge_aobs_RapidILL_BOOK</setSpec></header><metadata>
<record xmlns="http://www.loc.gov/MARC21/slim" xmlns:xsi="http://www.w3.org/2001/XMLSchema-instance" xsi:schemaLocation="http://www.loc.gov/MARC21/slim http://www.loc.gov/standards/marcxml/schema/MARC21slim.xsd"><leader>04464nam a2201009 c 4500</leader><controlfield tag="001">991000800349705502</controlfield><controlfield tag="005">20230308201000.0</controlfield><controlfield tag="008">201012s1988    sz ||||| m||| 00| ||ger d</controlfield><datafield ind1=" " ind2=" " tag="020"><subfield code="a">3859771833</subfield><subfield code="q">Wepf</subfield></datafield><datafield ind1=" " ind2=" " tag="035"><subfield code="a">(swissbib)234835192-41slsp_network</subfield></datafield><datafield ind1=" " ind2=" " tag="035"><subfield code="a">234835192</subfield><subfield code="9">ExL</subfield></datafield><datafield ind1=" " ind2=" " tag="035"><subfield code="a">(RERO)1042088-41slsp</subfield></datafield><datafield ind1=" " ind2=" " tag="035"><subfield code="a">(IDSBB)000430234DSV01</subfield></datafield><datafield ind1=" " ind2=" " tag="035"><subfield code="a">(NEBIS)001056781EBI01</subfield></datafield><datafield ind1=" " ind2=" " tag="035"><subfield code="a">(IDSLU)000039553ILU01</subfield></datafield><datafield ind1=" " ind2=" " tag="035"><subfield code="a">(EXLNZ-41SLSP_NETWORK)991044009759705501</subfield></datafield><datafield ind1=" " ind2=" " tag="040"><subfield code="a">RERO frbcuc</subfield><subfield code="d">CH-ZuSLS</subfield></datafield><datafield ind1=" " ind2=" " tag="044"><subfield code="a">sz</subfield><subfield code="c">ch-bs</subfield></datafield><datafield ind1=" " ind2="7" tag="072"><subfield code="a">et</subfield><subfield code="2">rero</subfield></datafield><datafield ind1=" " ind2="7" tag="072"><subfield code="a">et</subfield><subfield code="2">SzZuIDS BS/BE</subfield></datafield><datafield ind1=" " ind2="7" tag="072"><subfield code="a">250</subfield><subfield code="2">IDS LU</subfield></datafield><datafield ind1="0" ind2="0" tag="082"><subfield code="a">306/.09598/2</subfield><subfield code="2">20</subfield></datafield><datafield ind1="1" ind2="4" tag="082"><subfield code="a">306.089 9922</subfield><subfield code="2">21</subfield></datafield><datafield ind1=" " ind2=" " tag="084"><subfield code="a">6,24</subfield><subfield code="2">ssgn</subfield></datafield><datafield ind1=" " ind2=" " tag="084"><subfield code="a">LB 48420</subfield><subfield code="2">rvk</subfield></datafield><datafield ind1=" " ind2=" " tag="084"><subfield code="a">RR 60959</subfield><subfield code="2">rvk</subfield></datafield><datafield ind1="1" ind2=" " tag="100"><subfield code="a">Lüem, Barbara</subfield><subfield code="d">1953-2008</subfield><subfield code="0">(DE-588)112388132</subfield><subfield code="6">880-01</subfield></datafield><datafield ind1="1" ind2=" " tag="880"><subfield code="6">100-01</subfield><subfield code="a">Lüem, Barbara</subfield><subfield code="d">1953-....</subfield><subfield code="0">(IDREF)031244386</subfield><subfield code="4">cre</subfield></datafield><datafield ind1="1" ind2="0" tag="245"><subfield code="a">Wir sind wie der Berg lächelnd aber stark</subfield><subfield code="b">eine Studie zur ethnischen Identität der Tenggeresen in Ostjava</subfield><subfield code="c">Barbara Lüem</subfield></datafield><datafield ind1=" " ind2="1" tag="264"><subfield code="a">Basel</subfield><subfield code="b">Ethnologisches Seminar der Universität</subfield><subfield code="a">Museum für Völkerkunde</subfield><subfield code="b">Wepf in Komm.</subfield><subfield code="c">1988</subfield></datafield><datafield ind1=" " ind2=" " tag="300"><subfield code="a">243 S.</subfield><subfield code="b">14 Abb .</subfield><subfield code="c">24 cm</subfield></datafield><datafield ind1=" " ind2=" " tag="336"><subfield code="b">txt</subfield><subfield code="2">rdacontent</subfield></datafield><datafield ind1=" " ind2=" " tag="337"><subfield code="b">n</subfield><subfield code="2">rdamedia</subfield></datafield><datafield ind1=" " ind2=" " tag="338"><subfield code="b">nc</subfield><subfield code="2">rdacarrier</subfield></datafield><datafield ind1="1" ind2=" " tag="490"><subfield code="a">Basler Beiträge zur Ethnologie</subfield><subfield code="v">Bd. 29</subfield></datafield><datafield ind1=" " ind2=" " tag="500"><subfield code="a">Mit engl. Zsfg.</subfield></datafield><datafield ind1=" " ind2=" " tag="502"><subfield code="a">Diss. Univ. Basel, 1987</subfield></datafield><datafield ind1=" " ind2=" " tag="502"><subfield code="a">Zugl.: Diss. Phil.-hist. Fak. Basel, 1988</subfield></datafield><datafield ind1=" " ind2=" " tag="504"><subfield code="a">Literaturverz.</subfield></datafield><datafield ind1="4" ind2=" " tag="510"><subfield code="a">Ethnos (Stockholm) ; (1990) vol. 55(3-4), p. 276-278 (Sven Cederroth)</subfield></datafield><datafield ind1="4" ind2=" " tag="510"><subfield code="a">Bijdragen tot de taal-, land- en volkenkunde (Leiden) ; (1990) Deel 146(2-3), p. 357-359 (Reimar Schefold)</subfield></datafield><datafield ind1="4" ind2=" " tag="510"><subfield code="a">Man (London) ; (1991) vol. 26(1), p. 178 (R.H. Barnes)</subfield></datafield><datafield ind1="4" ind2=" " tag="510"><subfield code="a">Anthropos (St.Augustin) ; (1991) vol. 86, p. 278-279 (Margarete Schweizer)</subfield></datafield><datafield ind1="4" ind2=" " tag="510"><subfield code="a">Abhandlungen und Berichte des Staatlichen Museums für Völkerkunde Dresden (Dresden) ; (1992) Bd. 47, p. 305-307 (Petra Martin)</subfield></datafield><datafield ind1=" " ind2="7" tag="650"><subfield code="a">Ethnologie</subfield><subfield code="0">(IDREF)02729661X</subfield><subfield code="2">idref</subfield></datafield><datafield ind1=" " ind2="7" tag="650"><subfield code="a">1785-1985</subfield><subfield code="2">rero</subfield></datafield><datafield ind1=" " ind2="7" tag="650"><subfield code="a">rite</subfield><subfield code="0">(RERO)A009990016</subfield><subfield code="2">rerovoc</subfield></datafield><datafield ind1=" " ind2="7" tag="650"><subfield code="a">Tengger (peuple d'Indonésie)</subfield><subfield code="0">(IDREF)02887854X</subfield><subfield code="2">idref</subfield></datafield><datafield ind1=" " ind2="7" tag="650"><subfield code="a">Identité collective</subfield><subfield code="0">(IDREF)029251133</subfield><subfield code="2">idref</subfield></datafield><datafield ind1=" " ind2="7" tag="650"><subfield code="a">Structure sociale</subfield><subfield code="0">(IDREF)02724959X</subfield><subfield code="2">idref</subfield></datafield><datafield ind1=" " ind2="7" tag="650"><subfield code="a">Kult</subfield><subfield code="z">Java</subfield><subfield code="2">idsbb</subfield></datafield><datafield ind1=" " ind2="7" tag="650"><subfield code="a">Identität</subfield><subfield code="z">Java</subfield><subfield code="2">idsbb</subfield></datafield><datafield ind1=" " ind2="7" tag="650"><subfield code="a">Ethnizität</subfield><subfield code="2">idszbz</subfield></datafield><datafield ind1=" " ind2="0" tag="650"><subfield code="a">Tengger (Indonesian people)</subfield><subfield code="x">Ethnic identity</subfield></datafield><datafield ind1=" " ind2="0" tag="650"><subfield code="a">Tengger (Indonesian people)</subfield><subfield code="x">Religion</subfield></datafield><datafield ind1=" " ind2="0" tag="650"><subfield code="a">Tengger (Indonesian people)</subfield><subfield code="x">Rites and ceremonies</subfield></datafield><datafield ind1=" " ind2="0" tag="650"><subfield code="a">Tengger (Indonesian people)</subfield><subfield code="x">Social life and customs</subfield></datafield><datafield ind1=" " ind2="7" tag="650"><subfield code="a">Religionsethnologie</subfield><subfield code="0">(DE-588)4177738-4</subfield><subfield code="2">gnd</subfield></datafield><datafield ind1=" " ind2="7" tag="651"><subfield code="a">Java (Indonésie ; est)</subfield><subfield code="0">(IDREF)032045670</subfield><subfield code="2">idref</subfield></datafield><datafield ind1=" " ind2="7" tag="651"><subfield code="a">Tenggeresen</subfield><subfield code="2">idsbb</subfield></datafield><datafield ind1=" " ind2="7" tag="651"><subfield code="a">Indonesien</subfield><subfield code="2">idszbz</subfield></datafield><datafield ind1=" " ind2="7" tag="651"><subfield code="a">Tenggeresen</subfield><subfield code="2">idszbz</subfield></datafield><datafield ind1=" " ind2="0" tag="651"><subfield code="a">Java (Indonesia)</subfield><subfield code="x">Social life and customs</subfield></datafield><datafield ind1=" " ind2="0" tag="651"><subfield code="a">Jawa Timur (Indonesia)</subfield><subfield code="x">Social life and customs</subfield></datafield><datafield ind1=" " ind2="7" tag="651"><subfield code="a">Tengger</subfield><subfield code="0">(DE-588)4205301-8</subfield><subfield code="2">gnd</subfield></datafield><datafield ind1=" " ind2="7" tag="655"><subfield code="a">Hochschulschrift</subfield><subfield code="2">gnd-content</subfield></datafield><datafield ind1=" " ind2=" " tag="690"><subfield code="a">Java</subfield><subfield code="2">zbs-FS</subfield></datafield><datafield ind1=" " ind2=" " tag="690"><subfield code="a">Tengger</subfield><subfield code="2">zbs-FS</subfield></datafield><datafield ind1=" " ind2=" " tag="690"><subfield code="a">*OE08</subfield><subfield code="d">Tenggerese</subfield><subfield code="2">uzb-UI</subfield></datafield><datafield ind1=" " ind2=" " tag="690"><subfield code="a">023</subfield><subfield code="d">Dissertations - Dissertationen</subfield><subfield code="2">uzb-UI</subfield></datafield><datafield ind1=" " ind2=" " tag="690"><subfield code="a">101</subfield><subfield code="d">Identification - Identifikation</subfield><subfield code="2">uzb-UI</subfield></datafield><datafield ind1=" " ind2=" " tag="690"><subfield code="a">621</subfield><subfield code="d">Community structure - Gemeindestruktur</subfield><subfield code="2">uzb-UI</subfield></datafield><datafield ind1=" " ind2=" " tag="690"><subfield code="a">788</subfield><subfield code="d">Ritual</subfield><subfield code="2">uzb-UI</subfield></datafield><datafield ind1=" " ind2=" " tag="690"><subfield code="a">782</subfield><subfield code="d">Propitiation, prayer, sacrifice - Versöhnung, Gebet, Opfer</subfield><subfield code="2">uzb-UI</subfield></datafield><datafield ind1=" " ind2=" " tag="690"><subfield code="a">823</subfield><subfield code="d">Ethnogeography - Ethnogeographie</subfield><subfield code="2">uzb-UI</subfield></datafield><datafield ind1=" " ind2=" " tag="690"><subfield code="a">780</subfield><subfield code="d">Religious practices - religiöse Praxis</subfield><subfield code="2">uzb-UI</subfield></datafield><datafield ind1=" " ind2=" " tag="690"><subfield code="a">796</subfield><subfield code="d">Ceremonial - Zeremoniell</subfield><subfield code="2">uzb-UI</subfield></datafield><datafield ind1=" " ind2=" " tag="690"><subfield code="a">829</subfield><subfield code="d">Ethnosociology - Ethnosoziologie</subfield><subfield code="2">uzb-UI</subfield></datafield><datafield ind1=" " ind2=" " tag="690"><subfield code="a">Identität (Kultur). Java: Tenggeresen</subfield><subfield code="2">rzs-L1</subfield></datafield><datafield ind1=" " ind2=" " tag="690"><subfield code="a">Ethnographie. Indonesien: Java: Tenggeresen, B: Identität, ethnische</subfield><subfield code="2">rzs-L1</subfield></datafield><datafield ind1=" " ind2=" " tag="690"><subfield code="a">Tenggeresen (Volk, Java), B: Identität, ethnische</subfield><subfield code="2">rzs-L1</subfield></datafield><datafield ind1=" " ind2=" " tag="691"><subfield code="e">OE 8.c</subfield><subfield code="a">Tenggerese. Specific data on the Tenggerese people</subfield><subfield code="2">ubs-FH</subfield></datafield><datafield ind1=" " ind2="0" tag="830"><subfield code="a">Basler Beiträge zur Ethnologie</subfield><subfield code="v">29</subfield><subfield code="w">(IDSBB)000007973DSV01</subfield></datafield><datafield ind1=" " ind2="0" tag="830"><subfield code="a">Basler Beiträge zur Ethnologie</subfield><subfield code="v">29</subfield><subfield code="w">(RERO)0001226-41slsp</subfield></datafield><datafield ind1=" " ind2="0" tag="830"><subfield code="a">Basler Beiträge zur Ethnologie</subfield><subfield code="v">29</subfield><subfield code="w">(NEBIS)000068921EBI01</subfield></datafield><datafield ind1=" " ind2="0" tag="830"><subfield code="a">Basler Beiträge zur Ethnologie</subfield><subfield code="v">29</subfield><subfield code="w">(IDSLU)000131576ILU01</subfield></datafield><datafield ind1=" " ind2=" " tag="900"><subfield code="a">REROnoselfmerge</subfield></datafield><datafield ind1=" " ind2=" " tag="900"><subfield code="f">IDSU2medea</subfield></datafield></record>
</metadata></record>