<record><header><identifier>oai:alma.41SLSP_UGE:991000801059705502</identifier><datestamp>2023-03-01T01:10:13Z</datestamp><setSpec>uge_bcen_RapidILL_BOOK</setSpec><setSpec>uge_aaca_RapidILL_BOOK</setSpec><setSpec>uge_abels_RapidILL_BOOK</setSpec><setSpec>uge_dbu_RapidILL_BOOK</setSpec><setSpec>uge_cmu_RapidILL_BOOK</setSpec><setSpec>uge_mail_RapidILL_BOOK</setSpec><setSpec>UNIGE_ALL</setSpec><setSpec>uge_abbat_RapidILL_BOOK</setSpec><setSpec>uge_aobs_RapidILL_BOOK</setSpec><setSpec>uge_acar_RapidILL_BOOK</setSpec></header><metadata>
<record xmlns="http://www.loc.gov/MARC21/slim" xmlns:xsi="http://www.w3.org/2001/XMLSchema-instance" xsi:schemaLocation="http://www.loc.gov/MARC21/slim http://www.loc.gov/standards/marcxml/schema/MARC21slim.xsd"><leader>01599nam a2200433 c 4500</leader><controlfield tag="001">991000801059705502</controlfield><controlfield tag="005">20230127204147.0</controlfield><controlfield tag="008">201012s2003    it ||||| |||| 00| ||ita d</controlfield><datafield ind1=" " ind2=" " tag="020"><subfield code="a">8874940106</subfield></datafield><datafield ind1=" " ind2=" " tag="035"><subfield code="a">(swissbib)237031418-41slsp_network</subfield></datafield><datafield ind1=" " ind2=" " tag="035"><subfield code="a">237031418</subfield><subfield code="9">ExL</subfield></datafield><datafield ind1=" " ind2=" " tag="035"><subfield code="a">(RERO)R003529818-41slsp</subfield></datafield><datafield ind1=" " ind2=" " tag="035"><subfield code="a">(NEBIS)004533789EBI01</subfield></datafield><datafield ind1=" " ind2=" " tag="035"><subfield code="a">(EXLNZ-41SLSP_NETWORK)991116418399705501</subfield></datafield><datafield ind1=" " ind2=" " tag="040"><subfield code="a">RERO labcud</subfield><subfield code="d">CH-ZuSLS</subfield></datafield><datafield ind1=" " ind2="7" tag="072"><subfield code="a">it</subfield><subfield code="2">rero</subfield></datafield><datafield ind1="1" ind2="4" tag="082"><subfield code="a">851.914</subfield><subfield code="2">22</subfield></datafield><datafield ind1="1" ind2="4" tag="082"><subfield code="a">851</subfield></datafield><datafield ind1="1" ind2=" " tag="100"><subfield code="a">Sbarbaro, Camillo</subfield><subfield code="d">1888-1967</subfield><subfield code="0">(DE-588)118794787</subfield><subfield code="6">880-01</subfield></datafield><datafield ind1="1" ind2=" " tag="880"><subfield code="a">Sbarbaro, Camillo</subfield><subfield code="0">(RERO)A003790200</subfield><subfield code="4">cre</subfield><subfield code="6">100-01</subfield></datafield><datafield ind1="1" ind2="0" tag="245"><subfield code="a">&lt;&lt;Il&gt;&gt; bisavolo</subfield><subfield code="b">lettere a Tilde Carbone Rossi (1940-1967)</subfield><subfield code="c">a cura di Domenico Astengo</subfield></datafield><datafield ind1=" " ind2="1" tag="264"><subfield code="a">Genova</subfield><subfield code="b">San Marco dei Giustiniani</subfield><subfield code="c">2003</subfield></datafield><datafield ind1=" " ind2=" " tag="300"><subfield code="a">47 p.</subfield><subfield code="c">16 cm</subfield></datafield><datafield ind1=" " ind2=" " tag="336"><subfield code="b">txt</subfield><subfield code="2">rdacontent</subfield></datafield><datafield ind1=" " ind2=" " tag="337"><subfield code="b">n</subfield><subfield code="2">rdamedia</subfield></datafield><datafield ind1=" " ind2=" " tag="338"><subfield code="b">nc</subfield><subfield code="2">rdacarrier</subfield></datafield><datafield ind1="1" ind2=" " tag="490"><subfield code="a">Quaderni del tempo</subfield><subfield code="v">12</subfield></datafield><datafield ind1="1" ind2="7" tag="600"><subfield code="a">Sbarbaro, Camillo</subfield><subfield code="d">1888-1967</subfield><subfield code="0">(IDREF)029839289</subfield><subfield code="2">idref</subfield></datafield><datafield ind1="1" ind2="7" tag="600"><subfield code="a">Sbarbaro, Camillo</subfield><subfield code="2">idszbz</subfield></datafield><datafield ind1="1" ind2="0" tag="600"><subfield code="a">Carbone Rossi, Tilde</subfield><subfield code="v">Correspondence</subfield></datafield><datafield ind1="1" ind2="0" tag="600"><subfield code="a">Sbarbaro, Camillo</subfield><subfield code="d">1888-1967</subfield><subfield code="v">Correspondence</subfield></datafield><datafield ind1=" " ind2="7" tag="650"><subfield code="a">1940-1967</subfield><subfield code="2">rero</subfield></datafield><datafield ind1=" " ind2="7" tag="655"><subfield code="a">Correspondance</subfield><subfield code="0">(IDREF)027490122</subfield><subfield code="2">idref</subfield></datafield><datafield ind1=" " ind2="7" tag="655"><subfield code="a">Briefsammlung</subfield><subfield code="2">idszbz</subfield></datafield><datafield ind1="1" ind2=" " tag="700"><subfield code="a">Rossi, Tilde Carbone</subfield><subfield code="0">(RERO)A009402771</subfield></datafield><datafield ind1="1" ind2=" " tag="700"><subfield code="a">Astengo, Domenico</subfield><subfield code="d">1937-....</subfield><subfield code="0">(IDREF)034408169</subfield></datafield><datafield ind1=" " ind2="0" tag="830"><subfield code="a">Quaderni del tempo</subfield><subfield code="v">12</subfield><subfield code="w">(RERO)R003393277-41slsp</subfield></datafield><datafield ind1=" " ind2="0" tag="830"><subfield code="a">Quaderni del tempo</subfield><subfield code="v">12</subfield><subfield code="w">(NEBIS)004599414EBI01</subfield></datafield><datafield ind1=" " ind2=" " tag="900"><subfield code="a">REROnoselfmerge</subfield></datafield><datafield ind1=" " ind2=" " tag="900"><subfield code="a">IDSZ2zbzmon200310e</subfield><subfield code="c">IDSZ2vale</subfield><subfield code="d">IDSZ2zbzswk200310b</subfield><subfield code="e">IDSZ2brua</subfield></datafield><datafield ind1=" " ind2=" " tag="993"><subfield code="a">BFLT 1663</subfield><subfield code="x">ge/ulit/a/05/262</subfield><subfield code="9">LOCAL</subfield></datafield></record>
</metadata></record>