<record><header><identifier>oai:alma.41SLSP_UGE:991000800749705502</identifier><datestamp>2023-04-06T00:08:44Z</datestamp><setSpec>uge_bcen_RapidILL_BOOK</setSpec><setSpec>uge_aaca_RapidILL_BOOK</setSpec><setSpec>uge_abels_RapidILL_BOOK</setSpec><setSpec>uge_dbu_RapidILL_BOOK</setSpec><setSpec>uge_cmu_RapidILL_BOOK</setSpec><setSpec>uge_mail_RapidILL_BOOK</setSpec><setSpec>uge_abbat_RapidILL_BOOK</setSpec><setSpec>UNIGE_ALL</setSpec><setSpec>uge_acar_RapidILL_BOOK</setSpec><setSpec>uge_aobs_RapidILL_BOOK</setSpec></header><metadata>
<record xmlns="http://www.loc.gov/MARC21/slim" xmlns:xsi="http://www.w3.org/2001/XMLSchema-instance" xsi:schemaLocation="http://www.loc.gov/MARC21/slim http://www.loc.gov/standards/marcxml/schema/MARC21slim.xsd"><leader>01528nam a2200421 c 4500</leader><controlfield tag="001">991000800749705502</controlfield><controlfield tag="005">20230405195009.0</controlfield><controlfield tag="008">120420s2012    xxu||||| |||| 00| ||eng d</controlfield><datafield ind1=" " ind2=" " tag="020"><subfield code="a">9781462503759</subfield><subfield code="q">layflat binding</subfield></datafield><datafield ind1=" " ind2=" " tag="035"><subfield code="a">(swissbib)115828052-41slsp_network</subfield></datafield><datafield ind1=" " ind2=" " tag="035"><subfield code="a">115828052</subfield><subfield code="9">ExL</subfield></datafield><datafield ind1=" " ind2=" " tag="035"><subfield code="a">(RERO)R007046815-41slsp</subfield></datafield><datafield ind1=" " ind2=" " tag="035"><subfield code="a">(EXLNZ-41SLSP_NETWORK)991131060739705501</subfield></datafield><datafield ind1=" " ind2=" " tag="040"><subfield code="a">DLC</subfield><subfield code="d">CH-ZuSLS</subfield></datafield><datafield ind1=" " ind2="0" tag="050"><subfield code="a">BF723.E93</subfield><subfield code="b">D388 2012</subfield></datafield><datafield ind1=" " ind2="7" tag="072"><subfield code="a">ps</subfield><subfield code="2">rero</subfield></datafield><datafield ind1="0" ind2="0" tag="082"><subfield code="a">158.3</subfield><subfield code="2">23</subfield></datafield><datafield ind1="1" ind2=" " tag="100"><subfield code="a">Dawson, Peg</subfield><subfield code="0">(IDREF)166764736</subfield><subfield code="4">cre</subfield></datafield><datafield ind1="1" ind2="0" tag="245"><subfield code="a">Coaching students with executive skills deficits</subfield><subfield code="c">Peg Dawson, Richard Guare</subfield></datafield><datafield ind1=" " ind2="1" tag="264"><subfield code="a">New York</subfield><subfield code="b">Guilford Press</subfield><subfield code="c">[2012]</subfield></datafield><datafield ind1=" " ind2="4" tag="264"><subfield code="c">© 2012</subfield></datafield><datafield ind1=" " ind2=" " tag="300"><subfield code="a">xvi, 240 p.</subfield><subfield code="b">ill.</subfield><subfield code="c">27 cm.</subfield></datafield><datafield ind1=" " ind2=" " tag="336"><subfield code="b">txt</subfield><subfield code="2">rdacontent</subfield></datafield><datafield ind1=" " ind2=" " tag="337"><subfield code="b">n</subfield><subfield code="2">rdamedia</subfield></datafield><datafield ind1=" " ind2=" " tag="338"><subfield code="b">nc</subfield><subfield code="2">rdacarrier</subfield></datafield><datafield ind1="0" ind2=" " tag="490"><subfield code="a">The Guilford practical intervention in the schools series</subfield></datafield><datafield ind1=" " ind2=" " tag="504"><subfield code="a">Includes bibliographical references and index.</subfield></datafield><datafield ind1=" " ind2="0" tag="650"><subfield code="a">Child development</subfield></datafield><datafield ind1=" " ind2="0" tag="650"><subfield code="a">Children</subfield><subfield code="v">Life skills guides</subfield></datafield><datafield ind1=" " ind2="0" tag="650"><subfield code="a">Executive ability in adolescence</subfield></datafield><datafield ind1=" " ind2="0" tag="650"><subfield code="a">Executive ability in children</subfield></datafield><datafield ind1=" " ind2="7" tag="650"><subfield code="a">Accompagnement individuel</subfield><subfield code="0">(IDREF)120299569</subfield><subfield code="2">idref</subfield></datafield><datafield ind1=" " ind2="7" tag="650"><subfield code="a">Réussite scolaire</subfield><subfield code="0">(IDREF)027249603</subfield><subfield code="2">idref</subfield></datafield><datafield ind1=" " ind2="7" tag="650"><subfield code="a">Fonctions exécutives (neuropsychologie)</subfield><subfield code="0">(IDREF)080851150</subfield><subfield code="2">idref</subfield></datafield><datafield ind1=" " ind2="7" tag="650"><subfield code="a">Enfants</subfield><subfield code="0">(IDREF)027233278</subfield><subfield code="2">idref</subfield></datafield><datafield ind1=" " ind2="7" tag="650"><subfield code="a">Adolescents</subfield><subfield code="0">(IDREF)027276228</subfield><subfield code="2">idref</subfield></datafield><datafield ind1="1" ind2=" " tag="700"><subfield code="a">Guare, Richard</subfield><subfield code="0">(IDREF)166764833</subfield></datafield><datafield ind1=" " ind2=" " tag="900"><subfield code="a">REROnoselfmerge</subfield></datafield><datafield ind1=" " ind2=" " tag="910"><subfield code="a">LOC</subfield><subfield code="b">20120420</subfield><subfield code="c">Droits réservés</subfield></datafield></record>
</metadata></record>