<record><header><identifier>oai:alma.41SLSP_UGE:991000800859705502</identifier><datestamp>2023-03-01T01:10:13Z</datestamp><setSpec>UNIGE_ALL</setSpec></header><metadata>
<record xmlns="http://www.loc.gov/MARC21/slim" xmlns:xsi="http://www.w3.org/2001/XMLSchema-instance" xsi:schemaLocation="http://www.loc.gov/MARC21/slim http://www.loc.gov/standards/marcxml/schema/MARC21slim.xsd"><leader>01512njm a22002897c 4500</leader><controlfield tag="001">991000800859705502</controlfield><controlfield tag="005">20201222221615.0</controlfield><controlfield tag="007">sd b||||||||||</controlfield><controlfield tag="008">110122nuuuuuuuuxx ||n |            eng d</controlfield><datafield ind1="0" ind2="2" tag="028"><subfield code="a">London ffrr STS 15319-24</subfield></datafield><datafield ind1=" " ind2=" " tag="035"><subfield code="a">(swissbib)113587988-41slsp_network</subfield></datafield><datafield ind1=" " ind2=" " tag="035"><subfield code="a">113587988</subfield><subfield code="9">ExL</subfield></datafield><datafield ind1=" " ind2=" " tag="035"><subfield code="a">(RERO)R006024418-41slsp</subfield></datafield><datafield ind1=" " ind2=" " tag="035"><subfield code="a">(EXLNZ-41SLSP_NETWORK)991090278479705501</subfield></datafield><datafield ind1=" " ind2=" " tag="040"><subfield code="a">RERO geulmu</subfield><subfield code="d">CH-ZuSLS</subfield></datafield><datafield ind1=" " ind2="7" tag="072"><subfield code="a">mu</subfield><subfield code="2">rero</subfield></datafield><datafield ind1="1" ind2=" " tag="100"><subfield code="a">Haydn, Joseph</subfield><subfield code="d">1732-1809</subfield><subfield code="0">(IDREF)030260868</subfield><subfield code="4">cre</subfield></datafield><datafield ind1="1" ind2="0" tag="245"><subfield code="a">&lt;&lt;The&gt;&gt; Complete Symphonies of Haydn</subfield><subfield code="b">Volume Nine : Haydn Symphonies N° 93-104</subfield><subfield code="c">Joseph Haydn</subfield></datafield><datafield ind1=" " ind2=" " tag="300"><subfield code="a">6 disques sonores</subfield><subfield code="b">33 t.</subfield></datafield><datafield ind1=" " ind2=" " tag="336"><subfield code="b">prm</subfield><subfield code="2">rdacontent</subfield></datafield><datafield ind1=" " ind2=" " tag="337"><subfield code="b">s</subfield><subfield code="2">rdamedia</subfield></datafield><datafield ind1=" " ind2=" " tag="338"><subfield code="b">sd</subfield><subfield code="2">rdacarrier</subfield></datafield><datafield ind1=" " ind2=" " tag="500"><subfield code="a">Formation: orchestre symphonique</subfield></datafield><datafield ind1=" " ind2=" " tag="500"><subfield code="a">Tonalité: Ré majeur ; Sol majeur ; Do mineur ; Do majeur ; Si bémol majeur ; Mi bémol majeur</subfield></datafield><datafield ind1="0" ind2=" " tag="505"><subfield code="a">[Symphonies. Hob. I:102. Si bémol majeur] ; [Symphonies. Hob. I:93. Ré majeur] ; [Symphonies. Hob. I:104. Ré majeur] ; [Symphonies. Hob. I:103. Mi bémol majeur] ; [Symphonies. Hob. I:100. Sol majeur] ; [Symphonies. Hob. I:99. Mi bémol majeur] ; [Symphonies. Hob. I:98. Si bémol majeur] ; [Symphonies. Hob. I:96. Ré majeur] ; [Symphonies. Hob. I:95. Do mineur] ; [Symphonies. Hob. I:97. Do majeur] ; [Symphonies. Hob. I:94. Sol majeur] ; [Symphonies. Hob. I:101. Ré majeur]</subfield></datafield><datafield ind1="1" ind2=" " tag="700"><subfield code="a">Doráti, Antal</subfield><subfield code="d">1906-1988</subfield><subfield code="0">(IDREF)02844955X</subfield></datafield><datafield ind1="2" ind2=" " tag="710"><subfield code="a">Philharmonia hungarica</subfield><subfield code="g">Marl</subfield><subfield code="0">(IDREF)079000010</subfield></datafield><datafield ind1=" " ind2=" " tag="900"><subfield code="a">REROnoselfmerge</subfield></datafield><datafield ind1=" " ind2=" " tag="960"><subfield code="2">matmu</subfield><subfield code="a">XVIIIe ; Classicisme ; Symphonies ; Orchestre</subfield><subfield code="9">LOCAL</subfield></datafield></record>
</metadata></record>