<record><header><identifier>oai:alma.41SLSP_UGE:991000801169705502</identifier><datestamp>2024-10-16T00:19:03Z</datestamp><setSpec>uge_bcen_RapidILL_BOOK</setSpec><setSpec>uge_aaca_RapidILL_BOOK</setSpec><setSpec>uge_abels_RapidILL_BOOK</setSpec><setSpec>uge_dbu_RapidILL_BOOK</setSpec><setSpec>uge_cmu_RapidILL_BOOK</setSpec><setSpec>uge_mail_RapidILL_BOOK</setSpec><setSpec>uge_abbat_RapidILL_BOOK</setSpec><setSpec>UNIGE_ALL</setSpec><setSpec>uge_aobs_RapidILL_BOOK</setSpec><setSpec>uge_acar_RapidILL_BOOK</setSpec></header><metadata>
<record xmlns="http://www.loc.gov/MARC21/slim" xmlns:xsi="http://www.w3.org/2001/XMLSchema-instance" xsi:schemaLocation="http://www.loc.gov/MARC21/slim http://www.loc.gov/standards/marcxml/schema/MARC21slim.xsd"><leader>02746nam a2200589 c 4500</leader><controlfield tag="001">991000801169705502</controlfield><controlfield tag="005">20230414061211.0</controlfield><controlfield tag="008">201012s2002    fr ||||| |||| 00| ||fre d</controlfield><datafield ind1=" " ind2=" " tag="020"><subfield code="a">2200263988</subfield></datafield><datafield ind1="7" ind2=" " tag="024"><subfield code="a">http://catalogue.bnf.fr/ark:/12148/cb38942074w</subfield><subfield code="2">uri</subfield></datafield><datafield ind1=" " ind2=" " tag="035"><subfield code="a">(swissbib)235667625-41slsp_network</subfield></datafield><datafield ind1=" " ind2=" " tag="035"><subfield code="a">235667625</subfield><subfield code="9">ExL</subfield></datafield><datafield ind1=" " ind2=" " tag="035"><subfield code="a">(RERO)R003378437-41slsp</subfield></datafield><datafield ind1=" " ind2=" " tag="035"><subfield code="a">(IDSBB)002738343DSV01</subfield></datafield><datafield ind1=" " ind2=" " tag="035"><subfield code="a">(NEBIS)004486807EBI01</subfield></datafield><datafield ind1=" " ind2=" " tag="035"><subfield code="a">(EXLNZ-41SLSP_NETWORK)991095236189705501</subfield></datafield><datafield ind1=" " ind2=" " tag="040"><subfield code="a">RERO geulfr</subfield><subfield code="d">CH-ZuSLS</subfield></datafield><datafield ind1=" " ind2="7" tag="072"><subfield code="a">fr</subfield><subfield code="2">rero</subfield></datafield><datafield ind1=" " ind2="7" tag="072"><subfield code="a">fl</subfield><subfield code="2">SzZuIDS BS/BE</subfield></datafield><datafield ind1="1" ind2="4" tag="082"><subfield code="a">842.912</subfield><subfield code="2">21</subfield></datafield><datafield ind1="1" ind2="4" tag="082"><subfield code="a">840</subfield><subfield code="2">15</subfield></datafield><datafield ind1="1" ind2="4" tag="082"><subfield code="a">809</subfield><subfield code="2">1</subfield></datafield><datafield ind1=" " ind2=" " tag="084"><subfield code="a">IH 46401</subfield><subfield code="2">rvk</subfield></datafield><datafield ind1=" " ind2=" " tag="084"><subfield code="a">IH 46441</subfield><subfield code="2">rvk</subfield></datafield><datafield ind1="1" ind2=" " tag="100"><subfield code="a">Almeida, Pierre d'</subfield><subfield code="d">19..-....</subfield><subfield code="0">(IDREF)028593154</subfield><subfield code="4">cre</subfield></datafield><datafield ind1="1" ind2="0" tag="245"><subfield code="a">Electre</subfield><subfield code="b">; La Guerre de Troie n'aura pas lieu : Giraudoux</subfield><subfield code="c">analyse littéraire par Pierre d'Almeida ; étude de la langue par Laure Himy-Piéri ; dir. d'ouvrage Gabriel Conesa, Franck Neveu</subfield></datafield><datafield ind1="1" ind2="3" tag="246"><subfield code="a">Giraudoux: Electre, la guerre de Troie n'aura pas lieu</subfield></datafield><datafield ind1=" " ind2="1" tag="264"><subfield code="a">[Paris]</subfield><subfield code="b">A. Colin</subfield><subfield code="c">2002</subfield></datafield><datafield ind1=" " ind2=" " tag="300"><subfield code="a">152 p.</subfield><subfield code="c">21 cm</subfield></datafield><datafield ind1=" " ind2=" " tag="336"><subfield code="b">txt</subfield><subfield code="2">rdacontent</subfield></datafield><datafield ind1=" " ind2=" " tag="337"><subfield code="b">n</subfield><subfield code="2">rdamedia</subfield></datafield><datafield ind1=" " ind2=" " tag="338"><subfield code="b">nc</subfield><subfield code="2">rdacarrier</subfield></datafield><datafield ind1=" " ind2=" " tag="500"><subfield code="a">La couv. porte: Analyse littéraire et étude de la langue</subfield></datafield><datafield ind1="1" ind2="7" tag="600"><subfield code="a">Giraudoux, Jean</subfield><subfield code="d">1882-1944</subfield><subfield code="t">Électre</subfield><subfield code="0">(IDREF)027538303</subfield><subfield code="2">idref</subfield></datafield><datafield ind1="1" ind2="7" tag="600"><subfield code="a">Giraudoux, Jean</subfield><subfield code="d">1882-1944</subfield><subfield code="t">&lt;&lt;La &gt;&gt;guerre de Troie n'aura pas lieu</subfield><subfield code="0">(IDREF)02753832X</subfield><subfield code="2">idref</subfield></datafield><datafield ind1="1" ind2="7" tag="600"><subfield code="a">Giraudoux, Jean</subfield><subfield code="x">Electre</subfield><subfield code="2">idsbb</subfield></datafield><datafield ind1="1" ind2="7" tag="600"><subfield code="a">Giraudoux, Jean</subfield><subfield code="x">&lt;&lt;La&gt;&gt; guerre de Troie n'aura pas lieu</subfield><subfield code="2">idsbb</subfield></datafield><datafield ind1="1" ind2="7" tag="600"><subfield code="a">Giraudoux, Jean; &lt;&lt;La&gt;&gt; guerre de Troie n'aura pas lieu</subfield><subfield code="2">idszbz</subfield></datafield><datafield ind1="1" ind2="7" tag="600"><subfield code="a">Giraudoux, Jean; Electre</subfield><subfield code="2">idszbz</subfield></datafield><datafield ind1="1" ind2="7" tag="600"><subfield code="a">Giraudoux, Jean</subfield><subfield code="d">1882-1944</subfield><subfield code="t">Electre</subfield><subfield code="0">(DE-588)4227533-7</subfield><subfield code="2">gnd</subfield></datafield><datafield ind1="1" ind2="7" tag="600"><subfield code="a">Giraudoux, Jean</subfield><subfield code="d">1882-1944</subfield><subfield code="t">&lt;&lt;La&gt;&gt; guerre de Troie n'aura pas lieu</subfield><subfield code="0">(DE-588)4263400-3</subfield><subfield code="2">gnd</subfield></datafield><datafield ind1="1" ind2="0" tag="600"><subfield code="a">Giraudoux, Jean</subfield><subfield code="d">1882-1944</subfield><subfield code="t">Electre</subfield></datafield><datafield ind1="1" ind2="0" tag="600"><subfield code="a">Giraudoux, Jean</subfield><subfield code="d">1882-1944</subfield><subfield code="t">Guerre de Troie n'aura pas lieu</subfield></datafield><datafield ind1="1" ind2="0" tag="600"><subfield code="a">Giraudoux, Jean</subfield><subfield code="d">1882-1944</subfield><subfield code="x">Criticism and interpretation</subfield></datafield><datafield ind1="1" ind2="0" tag="600"><subfield code="a">Giraudoux, Jean</subfield><subfield code="d">1882-1944</subfield><subfield code="x">Critique and interpretation</subfield></datafield><datafield ind1=" " ind2="7" tag="655"><subfield code="a">[Études diverses]</subfield><subfield code="0">(RERO)A022249905</subfield><subfield code="2">rero</subfield></datafield><datafield ind1="1" ind2=" " tag="700"><subfield code="a">Himy-Piéri, Laure</subfield><subfield code="d">1961-</subfield><subfield code="0">(DE-588)1051914752</subfield><subfield code="6">880-02</subfield></datafield><datafield ind1="1" ind2=" " tag="880"><subfield code="6">700-02</subfield><subfield code="a">Himy-Piéri, Laure</subfield><subfield code="c">enseignante-chercheuse en littérature française</subfield><subfield code="d">1961-....</subfield><subfield code="0">(IDREF)056603835</subfield></datafield><datafield ind1="1" ind2=" " tag="700"><subfield code="a">Conesa, Gabriel</subfield><subfield code="0">(RERO)A003124325</subfield></datafield><datafield ind1="0" ind2="2" tag="740"><subfield code="a">&lt;&lt;La&gt;&gt; guerre de Troie n'aura pas lieu</subfield></datafield><datafield ind1="4" ind2=" " tag="856"><subfield code="3">Inhaltsverzeichnis</subfield><subfield code="u">http://www.ub.unibas.ch/tox/HBZ/HT013875352/PDF</subfield><subfield code="q">pdf</subfield></datafield><datafield ind1=" " ind2=" " tag="900"><subfield code="a">IDSZ2zbzmon200305i</subfield><subfield code="c">IDSZ2hilb</subfield><subfield code="d">IDSZ2zbzswk200305b</subfield><subfield code="e">IDSZ2boxm</subfield></datafield><datafield ind1=" " ind2=" " tag="949"><subfield code="a">http://www.ub.unibas.ch/tox/HBZ/HT013875352/PDF</subfield></datafield></record>
</metadata></record>