<record><header><identifier>oai:alma.41SLSP_UGE:991000800649705502</identifier><datestamp>2023-03-16T01:09:18Z</datestamp><setSpec>uge_bcen_RapidILL_BOOK</setSpec><setSpec>uge_aaca_RapidILL_BOOK</setSpec><setSpec>uge_abels_RapidILL_BOOK</setSpec><setSpec>uge_dbu_RapidILL_BOOK</setSpec><setSpec>uge_cmu_RapidILL_BOOK</setSpec><setSpec>uge_mail_RapidILL_BOOK</setSpec><setSpec>uge_abbat_RapidILL_BOOK</setSpec><setSpec>UNIGE_ALL</setSpec><setSpec>uge_aobs_RapidILL_BOOK</setSpec><setSpec>uge_acar_RapidILL_BOOK</setSpec></header><metadata>
<record xmlns="http://www.loc.gov/MARC21/slim" xmlns:xsi="http://www.w3.org/2001/XMLSchema-instance" xsi:schemaLocation="http://www.loc.gov/MARC21/slim http://www.loc.gov/standards/marcxml/schema/MARC21slim.xsd"><leader>02599nam a2200589 c 4500</leader><controlfield tag="001">991000800649705502</controlfield><controlfield tag="005">20230315210702.0</controlfield><controlfield tag="008">201012s2010    xxk||||| |||| 00| ||eng d</controlfield><datafield ind1=" " ind2=" " tag="020"><subfield code="a">9781862393141</subfield></datafield><datafield ind1=" " ind2=" " tag="035"><subfield code="a">(swissbib)233118535-41slsp_network</subfield></datafield><datafield ind1=" " ind2=" " tag="035"><subfield code="a">233118535</subfield><subfield code="9">ExL</subfield></datafield><datafield ind1=" " ind2=" " tag="035"><subfield code="a">(RERO)R005903019-41slsp</subfield></datafield><datafield ind1=" " ind2=" " tag="035"><subfield code="a">(NEBIS)006389585EBI01</subfield></datafield><datafield ind1=" " ind2=" " tag="035"><subfield code="a">(OCoLC)691418836</subfield></datafield><datafield ind1=" " ind2=" " tag="035"><subfield code="a">(EXLNZ-41SLSP_NETWORK)991102484499705501</subfield></datafield><datafield ind1=" " ind2=" " tag="040"><subfield code="a">RERO lausst</subfield><subfield code="d">CH-ZuSLS</subfield></datafield><datafield ind1=" " ind2=" " tag="050"><subfield code="a">GB441</subfield><subfield code="b">.A927 2010</subfield></datafield><datafield ind1=" " ind2="7" tag="072"><subfield code="a">st</subfield><subfield code="2">rero</subfield></datafield><datafield ind1="0" ind2="4" tag="082"><subfield code="a">551.410994</subfield></datafield><datafield ind1="1" ind2="4" tag="082"><subfield code="a">551.410994</subfield><subfield code="2">22</subfield></datafield><datafield ind1="1" ind2="4" tag="082"><subfield code="a">551.41</subfield><subfield code="2">22</subfield></datafield><datafield ind1="0" ind2="0" tag="245"><subfield code="a">Australian landscapes</subfield><subfield code="c">ed. by P. Bishop and B. Pillans</subfield></datafield><datafield ind1=" " ind2="1" tag="264"><subfield code="a">London</subfield><subfield code="b">The Geological Society</subfield><subfield code="c">2010</subfield></datafield><datafield ind1=" " ind2=" " tag="300"><subfield code="a">vii, 328 p.</subfield><subfield code="b">ill.</subfield></datafield><datafield ind1=" " ind2=" " tag="336"><subfield code="b">txt</subfield><subfield code="2">rdacontent</subfield></datafield><datafield ind1=" " ind2=" " tag="337"><subfield code="b">n</subfield><subfield code="2">rdamedia</subfield></datafield><datafield ind1=" " ind2=" " tag="338"><subfield code="b">nc</subfield><subfield code="2">rdacarrier</subfield></datafield><datafield ind1="1" ind2=" " tag="490"><subfield code="a">Geological Society special publication</subfield><subfield code="v">no. 346</subfield></datafield><datafield ind1=" " ind2=" " tag="504"><subfield code="a">Includes bibliographical references and index</subfield></datafield><datafield ind1=" " ind2="7" tag="650"><subfield code="a">Géomorphologie</subfield><subfield code="0">(IDREF)027228029</subfield><subfield code="2">idref</subfield></datafield><datafield ind1=" " ind2="7" tag="650"><subfield code="a">Geomorphologie</subfield><subfield code="2">idszbz</subfield></datafield><datafield ind1=" " ind2="7" tag="650"><subfield code="a">Landschaftsentwicklung</subfield><subfield code="2">idszbz</subfield></datafield><datafield ind1=" " ind2="0" tag="650"><subfield code="a">Geomorphology</subfield><subfield code="z">Australia</subfield></datafield><datafield ind1=" " ind2="7" tag="650"><subfield code="a">Geomorphologie</subfield><subfield code="0">(DE-588)4130684-3</subfield><subfield code="2">gnd</subfield></datafield><datafield ind1=" " ind2="7" tag="650"><subfield code="a">AUSTRALIEN (OZEANIEN). AUSTRALISCHER BUND, COMMONWEALTH OF AUSTRALIA</subfield><subfield code="9">ger</subfield><subfield code="0">(ETHUDK)000008600</subfield><subfield code="2">ethudk</subfield></datafield><datafield ind1=" " ind2="7" tag="650"><subfield code="a">EXOGENE PROZESSE (GEOLOGIE)</subfield><subfield code="9">ger</subfield><subfield code="0">(ETHUDK)000020040</subfield><subfield code="2">ethudk</subfield></datafield><datafield ind1=" " ind2="7" tag="650"><subfield code="a">GEOMORPHOLOGISCHE VORGÄNGE + ERDOBERFLÄCHENFORMEN (GEOMORPHOLOGIE)</subfield><subfield code="9">ger</subfield><subfield code="0">(ETHUDK)000020115</subfield><subfield code="2">ethudk</subfield></datafield><datafield ind1=" " ind2="7" tag="650"><subfield code="a">LANDSCHAFTSENTWICKLUNG + LANDSCHAFTSWANDEL + LANDSCHAFTSGESCHICHTE (GEOGRAFIE)</subfield><subfield code="9">ger</subfield><subfield code="0">(ETHUDK)000039606</subfield><subfield code="2">ethudk</subfield></datafield><datafield ind1=" " ind2="7" tag="651"><subfield code="a">Australie</subfield><subfield code="0">(IDREF)027220443</subfield><subfield code="2">idref</subfield></datafield><datafield ind1=" " ind2="7" tag="651"><subfield code="a">Australien</subfield><subfield code="2">idszbz</subfield></datafield><datafield ind1=" " ind2="7" tag="651"><subfield code="a">Australien</subfield><subfield code="0">(DE-588)4003900-6</subfield><subfield code="2">gnd</subfield></datafield><datafield ind1=" " ind2="7" tag="655"><subfield code="a">[Études diverses]</subfield><subfield code="0">(RERO)A022249905</subfield><subfield code="2">rero</subfield></datafield><datafield ind1=" " ind2="7" tag="655"><subfield code="a">Aufsatzsammlung</subfield><subfield code="2">idszbz</subfield></datafield><datafield ind1="1" ind2=" " tag="700"><subfield code="a">Bishop, P.</subfield><subfield code="q">Paul</subfield></datafield><datafield ind1="1" ind2=" " tag="700"><subfield code="a">Bishop, Paul</subfield><subfield code="0">(IDREF)150963726</subfield></datafield><datafield ind1="1" ind2=" " tag="700"><subfield code="a">Pillans, Brad</subfield><subfield code="0">(IDREF)150963912</subfield></datafield><datafield ind1="4" ind2=" " tag="856"><subfield code="3">Titelblatt und Inhaltsverzeichnis</subfield><subfield code="u">https://toc.library.ethz.ch/objects/pdf/e04_978-1-86239-314-1_01.pdf</subfield><subfield code="q">pdf</subfield></datafield><datafield ind1="4" ind2=" " tag="856"><subfield code="3">Abstract / Autoreninformation</subfield><subfield code="u">https://toc.library.ethz.ch/objects/pdf/e04_978-1-86239-314-1_02.pdf</subfield><subfield code="q">pdf</subfield></datafield><datafield ind1=" " ind2="0" tag="830"><subfield code="a">Special publication</subfield><subfield code="g">Geological Society of London</subfield><subfield code="v">346</subfield><subfield code="w">(NEBIS)000032133EBI01</subfield></datafield><datafield ind1=" " ind2=" " tag="900"><subfield code="a">REROnoselfmerge</subfield></datafield><datafield ind1=" " ind2=" " tag="900"><subfield code="a">IDSZ2zbzmon201108l</subfield><subfield code="c">IDSZ2stad</subfield><subfield code="d">IDSZ2zbzswk201108b</subfield><subfield code="e">IDSZ2tschu</subfield></datafield><datafield ind1=" " ind2=" " tag="949"><subfield code="a">https://toc.library.ethz.ch/objects/pdf/e04_978-1-86239-314-1_01.pdf</subfield></datafield><datafield ind1=" " ind2=" " tag="949"><subfield code="a">https://toc.library.ethz.ch/objects/pdf/e04_978-1-86239-314-1_02.pdf</subfield></datafield></record>
</metadata></record>