<record><header><identifier>oai:alma.41SLSP_UGE:991000781109705502</identifier><datestamp>2023-04-10T00:15:27Z</datestamp><setSpec>uge_bcen_RapidILL_BOOK</setSpec><setSpec>uge_aaca_RapidILL_BOOK</setSpec><setSpec>uge_abels_RapidILL_BOOK</setSpec><setSpec>uge_dbu_RapidILL_BOOK</setSpec><setSpec>uge_cmu_RapidILL_BOOK</setSpec><setSpec>uge_mail_RapidILL_BOOK</setSpec><setSpec>uge_abbat_RapidILL_BOOK</setSpec><setSpec>UNIGE_ALL</setSpec><setSpec>uge_acar_RapidILL_BOOK</setSpec><setSpec>uge_aobs_RapidILL_BOOK</setSpec></header><metadata>
<record xmlns="http://www.loc.gov/MARC21/slim" xmlns:xsi="http://www.w3.org/2001/XMLSchema-instance" xsi:schemaLocation="http://www.loc.gov/MARC21/slim http://www.loc.gov/standards/marcxml/schema/MARC21slim.xsd"><leader>04141nam a2200721 c 4500</leader><controlfield tag="001">991000781109705502</controlfield><controlfield tag="005">20230409190142.0</controlfield><controlfield tag="008">201011t20122012nyua     b    001 0 eng  </controlfield><datafield ind1=" " ind2=" " tag="010"><subfield code="a">2011047402</subfield></datafield><datafield ind1=" " ind2=" " tag="020"><subfield code="z">9780199971121</subfield><subfield code="q">e-book</subfield></datafield><datafield ind1=" " ind2=" " tag="020"><subfield code="a">0199747679</subfield><subfield code="q">hbk.</subfield></datafield><datafield ind1=" " ind2=" " tag="020"><subfield code="a">9780199747672</subfield><subfield code="q">alk. paper</subfield></datafield><datafield ind1=" " ind2=" " tag="035"><subfield code="a">(swissbib)227926390-41slsp_network</subfield></datafield><datafield ind1=" " ind2=" " tag="035"><subfield code="a">227926390</subfield><subfield code="9">ExL</subfield></datafield><datafield ind1=" " ind2=" " tag="035"><subfield code="a">(IDSSG)000985103HSB01</subfield></datafield><datafield ind1=" " ind2=" " tag="035"><subfield code="a">(RERO)R008062665-41slsp</subfield></datafield><datafield ind1=" " ind2=" " tag="035"><subfield code="a">(NEBIS)006717291EBI01</subfield></datafield><datafield ind1=" " ind2=" " tag="035"><subfield code="a">(OCoLC)761538086</subfield></datafield><datafield ind1=" " ind2=" " tag="035"><subfield code="a">(EXLNZ-41SLSP_NETWORK)991152408649705501</subfield></datafield><datafield ind1=" " ind2=" " tag="040"><subfield code="a">DLC</subfield><subfield code="b">eng</subfield><subfield code="e">rda</subfield><subfield code="d">CH-ZuSLS</subfield></datafield><datafield ind1="0" ind2=" " tag="041"><subfield code="a">eng</subfield></datafield><datafield ind1="0" ind2="0" tag="050"><subfield code="a">HM716</subfield><subfield code="b">.O94 2012</subfield></datafield><datafield ind1=" " ind2="7" tag="072"><subfield code="a">ps</subfield><subfield code="2">rero</subfield></datafield><datafield ind1=" " ind2="7" tag="072"><subfield code="a">ss</subfield><subfield code="2">rero</subfield></datafield><datafield ind1="0" ind2="0" tag="082"><subfield code="a">302/.14</subfield><subfield code="2">23</subfield></datafield><datafield ind1="0" ind2="4" tag="082"><subfield code="a">302 .14</subfield><subfield code="2">23</subfield></datafield><datafield ind1=" " ind2=" " tag="084"><subfield code="a">CP 3600</subfield><subfield code="2">rvk</subfield></datafield><datafield ind1=" " ind2=" " tag="084"><subfield code="a">CV 4000</subfield><subfield code="2">rvk</subfield></datafield><datafield ind1=" " ind2=" " tag="084"><subfield code="a">CV 7500</subfield><subfield code="2">rvk</subfield></datafield><datafield ind1=" " ind2=" " tag="084"><subfield code="a">MK 3000</subfield><subfield code="2">rvk</subfield></datafield><datafield ind1="0" ind2="0" tag="245"><subfield code="a">&lt;&lt;The&gt;&gt; Oxford handbook of intergroup conflict</subfield><subfield code="c">edited by Linda R. Tropp</subfield></datafield><datafield ind1="1" ind2="0" tag="246"><subfield code="a">Handbook of intergroup conflict</subfield></datafield><datafield ind1="1" ind2="0" tag="246"><subfield code="a">Intergroup conflict</subfield></datafield><datafield ind1=" " ind2="1" tag="264"><subfield code="a">New York</subfield><subfield code="b">Oxford University Press</subfield><subfield code="c">[2012]</subfield></datafield><datafield ind1=" " ind2="4" tag="264"><subfield code="c">© 2012</subfield></datafield><datafield ind1=" " ind2=" " tag="300"><subfield code="a">xiv, 386 pages</subfield><subfield code="b">illustrations</subfield><subfield code="c">27 cm</subfield></datafield><datafield ind1=" " ind2=" " tag="336"><subfield code="b">txt</subfield><subfield code="2">rdacontent</subfield></datafield><datafield ind1=" " ind2=" " tag="337"><subfield code="b">n</subfield><subfield code="2">rdamedia</subfield></datafield><datafield ind1=" " ind2=" " tag="338"><subfield code="b">nc</subfield><subfield code="2">rdacarrier</subfield></datafield><datafield ind1="0" ind2=" " tag="490"><subfield code="a">Oxford library of psychology</subfield></datafield><datafield ind1=" " ind2=" " tag="504"><subfield code="a">Includes bibliographical references and index</subfield></datafield><datafield ind1=" " ind2="7" tag="650"><subfield code="a">Konfliktregelung</subfield><subfield code="0">(DE-588)4164958-8</subfield><subfield code="2">gnd</subfield></datafield><datafield ind1=" " ind2="7" tag="650"><subfield code="a">Sozialpsychologie</subfield><subfield code="0">(DE-588)4055891-5</subfield><subfield code="2">gnd</subfield></datafield><datafield ind1=" " ind2="7" tag="650"><subfield code="a">Relations intergroupes</subfield><subfield code="0">(IDREF)034008632</subfield><subfield code="2">idref</subfield></datafield><datafield ind1=" " ind2="7" tag="650"><subfield code="a">Gestion des conflits</subfield><subfield code="0">(IDREF)027793532</subfield><subfield code="2">idref</subfield></datafield><datafield ind1=" " ind2="7" tag="650"><subfield code="a">Violence</subfield><subfield code="0">(IDREF)027255891</subfield><subfield code="2">idref</subfield></datafield><datafield ind1=" " ind2="7" tag="650"><subfield code="a">Inter-Gruppenkonflikt</subfield><subfield code="0">(DE-588)4226829-1</subfield><subfield code="2">gnd</subfield></datafield><datafield ind1=" " ind2="0" tag="650"><subfield code="a">Intergroup relations</subfield></datafield><datafield ind1=" " ind2="0" tag="650"><subfield code="a">Conflict management</subfield></datafield><datafield ind1=" " ind2="0" tag="650"><subfield code="a">Violence</subfield><subfield code="x">Prevention</subfield></datafield><datafield ind1=" " ind2="7" tag="655"><subfield code="a">[Études diverses]</subfield><subfield code="0">(RERO)A022249905</subfield><subfield code="2">rero</subfield></datafield><datafield ind1=" " ind2="7" tag="655"><subfield code="a">Aufsatzsammlung</subfield><subfield code="2">gnd-content</subfield></datafield><datafield ind1=" " ind2=" " tag="690"><subfield code="a">Intervention; Frieden</subfield><subfield code="2">idssg-J</subfield></datafield><datafield ind1=" " ind2=" " tag="690"><subfield code="a">Intergruppenkonflikt; Gewaltkonflikt; Gruppenidentität; Intergruppenkontakt; Intergruppengewalt; Oxfordhandbuch; Schlussfolgerunge; Chefredakteur; Fortdauer; Friedenseinsatz; Konfliktmodell; Universitätspresse; VollHardt; Übergangsjustiz</subfield><subfield code="2">idssg-J</subfield></datafield><datafield ind1=" " ind2=" " tag="690"><subfield code="a">bösartige Beziehung; dritter Teil; dynamische Perspektive; ideologische Grundlage; integrierte Analyse; interaktive Problemlösung; kollektive Viktimisierung; kritischdialogisches Konfliktmodell; kurzer Inhalt; mitfühlende Gemeinschaft; mitwirkend Xixii; nachhaltiger Frieden; persönliche Reflexion; sechster Teil; soziale Beziehung; unlösbarer Konflikt; vierter Teil; zukünftige Richtung; zweiter Teil</subfield><subfield code="2">idssg-J</subfield></datafield><datafield ind1=" " ind2=" " tag="690"><subfield code="a">Großbritannien C4EUUK; Deutschland C4EUGE</subfield><subfield code="2">idssg-J</subfield></datafield><datafield ind1=" " ind2=" " tag="690"><subfield code="a">Aarti Iyer; Analyse Linda Troppel Zweiter Teil; Biren Ratnesch Nagda; Biren Ratnesch Nagda Anna Yeakley Patricia Gurin; Brandon Hamber; Brian Lickel; Chefredakteur PETER NATHAN Das; Chefredakteur PETER NATHAN Das Oxford Handbuch; Christopher Cohrs; Craig Blatz; Daniel BarTal; Daniel Christie; Dovidio Tamar Saguy Tessa; Elizabeth Levy Paluck; Frieden Persönliche Reflexionen; Herbert Kelman; Intergroup Dialogue; Intergroup Reconciliation Definitionen Prozesse; Johanna Ray; John Dovidio Tamar Saguy Tessa West; Kevin Clements Sechster Teil Schlussfolgerungen; Lan Bui Wrzosinska; Louis Teil; Michael Ross; Miles Hewstone; Nicholas Sorensen; Peter NATHAN Das; Pearson; Peter Coleman Andrzej; Phillip Hammack; Rezarta Bilali; Robin Vallacher Peter Coleman Andrzej Nowak; Samuel Gaertner Vierter Teil Strategien; Sonia Roccas; Susan Opotow Dritter Teil Fortdauer; Ulrich Wagner</subfield><subfield code="2">idssg-J</subfield></datafield><datafield ind1="1" ind2=" " tag="700"><subfield code="a">Tropp, Linda R.</subfield><subfield code="e">Herausgeber</subfield><subfield code="4">edt</subfield><subfield code="6">880-02</subfield></datafield><datafield ind1="1" ind2=" " tag="880"><subfield code="6">700-02</subfield><subfield code="a">Tropp, Linda R.</subfield><subfield code="d">19..-....</subfield><subfield code="0">(IDREF)154838799</subfield></datafield><datafield ind1="4" ind2=" " tag="856"><subfield code="3">Titelblatt und Inhaltsverzeichnis</subfield><subfield code="u">https://toc.library.ethz.ch/objects/pdf/z01_978-0-19-974767-2_01.pdf</subfield><subfield code="q">pdf</subfield></datafield><datafield ind1=" " ind2=" " tag="900"><subfield code="a">REROnoselfmerge</subfield></datafield><datafield ind1=" " ind2=" " tag="900"><subfield code="a">IDSZ2zbzmon201208f</subfield><subfield code="c">IDSZ2sage</subfield><subfield code="d">IDSZ2zbzswk201210b</subfield><subfield code="e">IDSZ2bucp</subfield></datafield><datafield ind1=" " ind2=" " tag="910"><subfield code="a">LOC</subfield><subfield code="b">20150210</subfield><subfield code="c">Droits réservés</subfield></datafield><datafield ind1=" " ind2=" " tag="949"><subfield code="a">https://toc.library.ethz.ch/objects/pdf/z01_978-0-19-974767-2_01.pdf</subfield></datafield></record>
</metadata></record>