<record><header><identifier>oai:alma.41SLSP_UGE:991000781839705502</identifier><datestamp>2023-11-25T01:39:14Z</datestamp><setSpec>uge_bcen_RapidILL_BOOK</setSpec><setSpec>uge_aaca_RapidILL_BOOK</setSpec><setSpec>uge_abels_RapidILL_BOOK</setSpec><setSpec>uge_dbu_RapidILL_BOOK</setSpec><setSpec>uge_cmu_RapidILL_BOOK</setSpec><setSpec>uge_mail_RapidILL_BOOK</setSpec><setSpec>uge_abbat_RapidILL_BOOK</setSpec><setSpec>UNIGE_ALL</setSpec><setSpec>uge_aobs_RapidILL_BOOK</setSpec><setSpec>uge_acar_RapidILL_BOOK</setSpec></header><metadata>
<record xmlns="http://www.loc.gov/MARC21/slim" xmlns:xsi="http://www.w3.org/2001/XMLSchema-instance" xsi:schemaLocation="http://www.loc.gov/MARC21/slim http://www.loc.gov/standards/marcxml/schema/MARC21slim.xsd"><leader>01454naa a2200313 c 4500</leader><controlfield tag="001">991000781839705502</controlfield><controlfield tag="005">20230630210735.0</controlfield><controlfield tag="008">920620s1992    sz ||||| |||| 00| ||ger d</controlfield><datafield ind1=" " ind2=" " tag="035"><subfield code="a">(swissbib)086645528-41slsp_network</subfield></datafield><datafield ind1=" " ind2=" " tag="035"><subfield code="a">086645528</subfield><subfield code="9">ExL</subfield></datafield><datafield ind1=" " ind2=" " tag="035"><subfield code="a">(RERO)1541784-41slsp</subfield></datafield><datafield ind1=" " ind2=" " tag="035"><subfield code="a">(ALEX)bv01116187</subfield></datafield><datafield ind1=" " ind2=" " tag="035"><subfield code="a">(EXLNZ-41SLSP_NETWORK)991109567329705501</subfield></datafield><datafield ind1=" " ind2=" " tag="040"><subfield code="a">RERO fru-dr</subfield><subfield code="d">CH-ZuSLS</subfield></datafield><datafield ind1=" " ind2="7" tag="072"><subfield code="a">dr</subfield><subfield code="2">rero</subfield></datafield><datafield ind1=" " ind2=" " tag="084"><subfield code="a">CA/CH 48 i</subfield><subfield code="2">cjurrom</subfield></datafield><datafield ind1="1" ind2=" " tag="100"><subfield code="a">Tschannen, Pierre</subfield><subfield code="d">19..-....</subfield><subfield code="0">(IDREF)056884540</subfield><subfield code="4">cre</subfield></datafield><datafield ind1="1" ind2="0" tag="245"><subfield code="a">Zweierlei Landwirtschaft</subfield><subfield code="c">Pierre Tschannen</subfield></datafield><datafield ind1=" " ind2=" " tag="336"><subfield code="b">txt</subfield><subfield code="2">rdacontent</subfield></datafield><datafield ind1=" " ind2=" " tag="337"><subfield code="b">n</subfield><subfield code="2">rdamedia</subfield></datafield><datafield ind1=" " ind2=" " tag="338"><subfield code="b">nc</subfield><subfield code="2">rdacarrier</subfield></datafield><datafield ind1=" " ind2=" " tag="580"><subfield code="a">In: Zeitschrift für schweizerisches Recht. - Basel. - N.F. Bd. 111 (1992), Halbbd. 1, H. 2, S. 135-172</subfield></datafield><datafield ind1=" " ind2="7" tag="650"><subfield code="a">Raumplanung und öffentliches Baurecht</subfield><subfield code="9">ger</subfield><subfield code="0">(RERO)jurivoc000018160ger</subfield><subfield code="2">jurivoc</subfield></datafield><datafield ind1=" " ind2="7" tag="650"><subfield code="a">öffentliches Werk</subfield><subfield code="9">ger</subfield><subfield code="0">(RERO)jurivoc000016435ger</subfield><subfield code="2">jurivoc</subfield></datafield><datafield ind1=" " ind2="7" tag="650"><subfield code="a">Wasser</subfield><subfield code="9">ger</subfield><subfield code="0">(RERO)jurivoc000026178ger</subfield><subfield code="2">jurivoc</subfield></datafield><datafield ind1=" " ind2="7" tag="650"><subfield code="a">Landwirtschaft</subfield><subfield code="9">ger</subfield><subfield code="0">(RERO)jurivoc000013919ger</subfield><subfield code="2">jurivoc</subfield></datafield><datafield ind1=" " ind2="7" tag="650"><subfield code="a">Staatswissenschaft</subfield><subfield code="9">ger</subfield><subfield code="0">(RERO)jurivoc000021210ger</subfield><subfield code="2">jurivoc</subfield></datafield><datafield ind1=" " ind2="7" tag="650"><subfield code="a">Wirtschaftspolitik</subfield><subfield code="9">ger</subfield><subfield code="0">(RERO)jurivoc000026720ger</subfield><subfield code="2">jurivoc</subfield></datafield><datafield ind1=" " ind2="7" tag="650"><subfield code="a">Bodenpolitik</subfield><subfield code="9">ger</subfield><subfield code="0">(RERO)jurivoc000004380ger</subfield><subfield code="2">jurivoc</subfield></datafield><datafield ind1=" " ind2="7" tag="651"><subfield code="a">Schweiz</subfield><subfield code="9">ger</subfield><subfield code="0">(RERO)jurivoc000019912ger</subfield><subfield code="2">jurivoc</subfield></datafield><datafield ind1="0" ind2=" " tag="773"><subfield code="t">Zeitschrift für schweizerisches Recht = Revue de droit suisse = Rivista di diritto svizzero</subfield><subfield code="g">1992/1/135</subfield><subfield code="g">yr:1992</subfield><subfield code="w">(RERO)0063074-41slsp</subfield></datafield></record>
</metadata></record>