<record><header><identifier>oai:alma.41SLSP_UGE:991000781409705502</identifier><datestamp>2023-03-01T01:10:14Z</datestamp><setSpec>uge_bcen_RapidILL_BOOK</setSpec><setSpec>uge_aaca_RapidILL_BOOK</setSpec><setSpec>uge_abels_RapidILL_BOOK</setSpec><setSpec>uge_dbu_RapidILL_BOOK</setSpec><setSpec>uge_cmu_RapidILL_BOOK</setSpec><setSpec>uge_mail_RapidILL_BOOK</setSpec><setSpec>UNIGE_ALL</setSpec><setSpec>uge_abbat_RapidILL_BOOK</setSpec><setSpec>uge_aobs_RapidILL_BOOK</setSpec><setSpec>uge_acar_RapidILL_BOOK</setSpec></header><metadata>
<record xmlns="http://www.loc.gov/MARC21/slim" xmlns:xsi="http://www.w3.org/2001/XMLSchema-instance" xsi:schemaLocation="http://www.loc.gov/MARC21/slim http://www.loc.gov/standards/marcxml/schema/MARC21slim.xsd"><leader>01285nam a2200361 c 4500</leader><controlfield tag="001">991000781409705502</controlfield><controlfield tag="005">20201227170956.0</controlfield><controlfield tag="008">171024s2017    xxu||||| |||| 00| ||eng d</controlfield><datafield ind1=" " ind2=" " tag="020"><subfield code="a">9780323393782</subfield><subfield code="q">hardcover : alk. paper</subfield></datafield><datafield ind1=" " ind2=" " tag="035"><subfield code="a">(swissbib)124278817-41slsp_network</subfield></datafield><datafield ind1=" " ind2=" " tag="035"><subfield code="a">124278817</subfield><subfield code="9">ExL</subfield></datafield><datafield ind1=" " ind2=" " tag="035"><subfield code="a">(RERO)R008721865-41slsp</subfield></datafield><datafield ind1=" " ind2=" " tag="035"><subfield code="a">(EXLNZ-41SLSP_NETWORK)991107601079705501</subfield></datafield><datafield ind1=" " ind2=" " tag="040"><subfield code="a">DNLM</subfield><subfield code="b">eng</subfield><subfield code="e">rda</subfield><subfield code="d">CH-ZuSLS</subfield></datafield><datafield ind1="0" ind2="0" tag="060"><subfield code="a">WG 460</subfield><subfield code="b">K17 2017</subfield></datafield><datafield ind1=" " ind2="7" tag="072"><subfield code="a">me</subfield><subfield code="2">rero</subfield></datafield><datafield ind1="0" ind2="0" tag="245"><subfield code="a">Kaplan's cardiac anesthesia</subfield><subfield code="b">for cardiac and noncardiac surgery</subfield><subfield code="c">editor, Joel A. Kaplan ; associate editors, John G.T. Augoustides ... [et al.]</subfield></datafield><datafield ind1="1" ind2=" " tag="246"><subfield code="a">Cardiac anesthesia</subfield></datafield><datafield ind1=" " ind2=" " tag="250"><subfield code="a">7th ed.</subfield></datafield><datafield ind1=" " ind2="1" tag="264"><subfield code="a">Philadelphia, PA</subfield><subfield code="b">Elsevier</subfield><subfield code="c">2017</subfield></datafield><datafield ind1=" " ind2=" " tag="300"><subfield code="a">1663 p.</subfield><subfield code="b">ill.</subfield></datafield><datafield ind1=" " ind2=" " tag="336"><subfield code="b">txt</subfield><subfield code="2">rdacontent</subfield></datafield><datafield ind1=" " ind2=" " tag="337"><subfield code="b">n</subfield><subfield code="2">rdamedia</subfield></datafield><datafield ind1=" " ind2=" " tag="338"><subfield code="b">nc</subfield><subfield code="2">rdacarrier</subfield></datafield><datafield ind1=" " ind2=" " tag="500"><subfield code="a">Preceded by Kaplan's cardiac anesthesia : the echo era / editor, Joel A. Kaplan. 6th ed. 2011</subfield></datafield><datafield ind1=" " ind2=" " tag="504"><subfield code="a">Includes bibliographical references and index</subfield></datafield><datafield ind1=" " ind2="2" tag="650"><subfield code="a">Anesthesia</subfield></datafield><datafield ind1=" " ind2="2" tag="650"><subfield code="a">Cardiac Surgical Procedures</subfield></datafield><datafield ind1=" " ind2="2" tag="650"><subfield code="a">Heart</subfield><subfield code="x">drug effects</subfield></datafield><datafield ind1=" " ind2="2" tag="650"><subfield code="a">Perioperative Care</subfield></datafield><datafield ind1="1" ind2=" " tag="700"><subfield code="a">Augoustides, John G.T.</subfield><subfield code="0">(RERO)A027214323</subfield></datafield><datafield ind1="1" ind2=" " tag="700"><subfield code="a">Kaplan, Joel A</subfield><subfield code="0">(RERO)A003441626</subfield></datafield><datafield ind1=" " ind2=" " tag="900"><subfield code="a">REROnoselfmerge</subfield></datafield><datafield ind1=" " ind2=" " tag="910"><subfield code="a">NLM</subfield><subfield code="b">20171024</subfield></datafield></record>
</metadata></record>