<record><header><identifier>oai:alma.41SLSP_UGE:991000781309705502</identifier><datestamp>2023-07-01T00:20:51Z</datestamp><setSpec>uge_bcen_RapidILL_BOOK</setSpec><setSpec>uge_aaca_RapidILL_BOOK</setSpec><setSpec>uge_abels_RapidILL_BOOK</setSpec><setSpec>uge_dbu_RapidILL_BOOK</setSpec><setSpec>uge_cmu_RapidILL_BOOK</setSpec><setSpec>uge_mail_RapidILL_BOOK</setSpec><setSpec>uge_abbat_RapidILL_BOOK</setSpec><setSpec>UNIGE_ALL</setSpec><setSpec>uge_acar_RapidILL_BOOK</setSpec><setSpec>uge_aobs_RapidILL_BOOK</setSpec></header><metadata>
<record xmlns="http://www.loc.gov/MARC21/slim" xmlns:xsi="http://www.w3.org/2001/XMLSchema-instance" xsi:schemaLocation="http://www.loc.gov/MARC21/slim http://www.loc.gov/standards/marcxml/schema/MARC21slim.xsd"><leader>04715nam a2200925 c 4500</leader><controlfield tag="001">991000781309705502</controlfield><controlfield tag="005">20230630123806.0</controlfield><controlfield tag="008">201011s2004    sz ||||| |||| 10| ||ger d</controlfield><datafield ind1=" " ind2=" " tag="019"><subfield code="a">Notices analytiques</subfield><subfield code="5">RERO/geubfd/05.2004</subfield></datafield><datafield ind1=" " ind2=" " tag="020"><subfield code="a">3725547548</subfield></datafield><datafield ind1=" " ind2=" " tag="035"><subfield code="a">(swissbib)221916113-41slsp_network</subfield></datafield><datafield ind1=" " ind2=" " tag="035"><subfield code="a">221916113</subfield><subfield code="9">ExL</subfield></datafield><datafield ind1=" " ind2=" " tag="035"><subfield code="a">(RERO)R003629423-41slsp</subfield></datafield><datafield ind1=" " ind2=" " tag="035"><subfield code="a">(NEBIS)004704812EBI01</subfield></datafield><datafield ind1=" " ind2=" " tag="035"><subfield code="a">(IDSBB)005592069DSV01</subfield></datafield><datafield ind1=" " ind2=" " tag="035"><subfield code="a">(IDSSG)000298088HSB01</subfield></datafield><datafield ind1=" " ind2=" " tag="035"><subfield code="a">(EXLNZ-41SLSP_NETWORK)991063779869705501</subfield></datafield><datafield ind1=" " ind2=" " tag="040"><subfield code="a">RERO geubfd</subfield><subfield code="d">CH-ZuSLS</subfield></datafield><datafield ind1=" " ind2=" " tag="044"><subfield code="a">sz</subfield><subfield code="c">ch-zh</subfield></datafield><datafield ind1=" " ind2="7" tag="072"><subfield code="a">dr</subfield><subfield code="2">rero</subfield></datafield><datafield ind1=" " ind2="7" tag="072"><subfield code="a">rw</subfield><subfield code="2">SzZuIDS BS/BE</subfield></datafield><datafield ind1="0" ind2="4" tag="082"><subfield code="a">340</subfield></datafield><datafield ind1="1" ind2="4" tag="082"><subfield code="a">340</subfield><subfield code="2">15</subfield></datafield><datafield ind1=" " ind2=" " tag="084"><subfield code="a">CA/CH 79.1 e</subfield><subfield code="2">cjurrom</subfield></datafield><datafield ind1=" " ind2=" " tag="084"><subfield code="a">CA/CH 12 e</subfield><subfield code="2">cjurrom</subfield></datafield><datafield ind1="0" ind2="0" tag="245"><subfield code="a">Mergers &amp; Acquisitions VI</subfield><subfield code="c">Europa Institut Zürich ; Hrsg. Rudolf Tschäni</subfield></datafield><datafield ind1="1" ind2=" " tag="246"><subfield code="a">Mergers und Acquisitions VI</subfield></datafield><datafield ind1="1" ind2=" " tag="246"><subfield code="a">Mergers and Acquisitions VI</subfield></datafield><datafield ind1=" " ind2="1" tag="264"><subfield code="a">Zürich</subfield><subfield code="b">Schulthess</subfield><subfield code="c">2004</subfield></datafield><datafield ind1=" " ind2=" " tag="300"><subfield code="a">269 S.</subfield><subfield code="b">graph. Darst.</subfield></datafield><datafield ind1=" " ind2=" " tag="336"><subfield code="b">txt</subfield><subfield code="2">rdacontent</subfield></datafield><datafield ind1=" " ind2=" " tag="337"><subfield code="b">n</subfield><subfield code="2">rdamedia</subfield></datafield><datafield ind1=" " ind2=" " tag="338"><subfield code="b">nc</subfield><subfield code="2">rdacarrier</subfield></datafield><datafield ind1="1" ind2=" " tag="490"><subfield code="a">EIZ</subfield><subfield code="v">48</subfield></datafield><datafield ind1="1" ind2=" " tag="490"><subfield code="a">Europa Institut Zürich</subfield><subfield code="v">48</subfield></datafield><datafield ind1=" " ind2=" " tag="500"><subfield code="a">Contributions issues d'un colloque organisé le 4 septembre 2003 par l'Europa Institut Zürich</subfield></datafield><datafield ind1=" " ind2=" " tag="500"><subfield code="a">Beiträge einer gleichnamigen 6. Tagung am Europa Institut Zürich, 4. September 2003</subfield></datafield><datafield ind1=" " ind2=" " tag="500"><subfield code="a">Beiträge nur in Deutsch</subfield></datafield><datafield ind1=" " ind2=" " tag="500"><subfield code="a">6. Tagung des Europa Instituts Zürich zum Thema, 4. Sept. 2003, Zürich</subfield></datafield><datafield ind1=" " ind2="7" tag="650"><subfield code="a">Kauf</subfield><subfield code="9">ger</subfield><subfield code="0">(RERO)jurivoc000012602ger</subfield><subfield code="2">jurivoc</subfield></datafield><datafield ind1=" " ind2="7" tag="650"><subfield code="a">Unternehmung</subfield><subfield code="9">ger</subfield><subfield code="0">(RERO)jurivoc000023877ger</subfield><subfield code="2">jurivoc</subfield></datafield><datafield ind1=" " ind2="7" tag="650"><subfield code="a">Fusion</subfield><subfield code="9">ger</subfield><subfield code="0">(RERO)jurivoc000008955ger</subfield><subfield code="2">jurivoc</subfield></datafield><datafield ind1=" " ind2="7" tag="650"><subfield code="a">Fusion d'entreprises</subfield><subfield code="0">(IDREF)027741923</subfield><subfield code="2">idref</subfield></datafield><datafield ind1=" " ind2="7" tag="650"><subfield code="a">Entreprises</subfield><subfield code="0">(IDREF)027467473</subfield><subfield code="2">idref</subfield></datafield><datafield ind1=" " ind2="7" tag="650"><subfield code="a">Achat</subfield><subfield code="0">(IDREF)027358879</subfield><subfield code="2">idref</subfield></datafield><datafield ind1=" " ind2="7" tag="650"><subfield code="a">Mergers and Acquisitions</subfield><subfield code="2">idszbz</subfield></datafield><datafield ind1=" " ind2="7" tag="650"><subfield code="a">Recht</subfield><subfield code="2">idszbz</subfield></datafield><datafield ind1=" " ind2="7" tag="650"><subfield code="a">Recht</subfield><subfield code="0">(DE-588)4048737-4</subfield><subfield code="2">gnd</subfield></datafield><datafield ind1=" " ind2="7" tag="650"><subfield code="a">Unternehmenskauf</subfield><subfield code="0">(DE-588)4078600-6</subfield><subfield code="2">gnd</subfield></datafield><datafield ind1=" " ind2="7" tag="650"><subfield code="a">Unternehmenszusammenschluss</subfield><subfield code="0">(DE-588)4321280-3</subfield><subfield code="2">gnd</subfield></datafield><datafield ind1=" " ind2="0" tag="650"><subfield code="a">Consolidation and merger of corporations</subfield><subfield code="x">Law and legislation</subfield><subfield code="z">Switzerland</subfield></datafield><datafield ind1=" " ind2="7" tag="650"><subfield code="a">Mergers and Acquisitions</subfield><subfield code="0">(DE-588)4205916-1</subfield><subfield code="2">gnd</subfield></datafield><datafield ind1=" " ind2="7" tag="650"><subfield code="a">Wirtschaftsrecht</subfield><subfield code="0">(DE-588)4066510-0</subfield><subfield code="2">gnd</subfield></datafield><datafield ind1=" " ind2="7" tag="651"><subfield code="a">Schweiz</subfield><subfield code="9">ger</subfield><subfield code="0">(RERO)jurivoc000019912ger</subfield><subfield code="2">jurivoc</subfield></datafield><datafield ind1=" " ind2="7" tag="651"><subfield code="a">Suisse</subfield><subfield code="0">(IDREF)027249654</subfield><subfield code="2">idref</subfield></datafield><datafield ind1=" " ind2="7" tag="651"><subfield code="a">Schweiz</subfield><subfield code="2">idszbz</subfield></datafield><datafield ind1=" " ind2="7" tag="651"><subfield code="a">Zürich</subfield><subfield code="0">(DE-588)4068038-1</subfield><subfield code="2">gnd</subfield></datafield><datafield ind1=" " ind2="7" tag="651"><subfield code="a">Schweiz</subfield><subfield code="0">(DE-588)4053881-3</subfield><subfield code="2">gnd</subfield></datafield><datafield ind1=" " ind2="7" tag="655"><subfield code="a">Actes de congrès</subfield><subfield code="0">(IDREF)02886431X</subfield><subfield code="2">idref</subfield></datafield><datafield ind1=" " ind2="7" tag="655"><subfield code="a">Aufsatzsammlung</subfield><subfield code="2">idszbz</subfield></datafield><datafield ind1=" " ind2="7" tag="655"><subfield code="a">Konferenzschrift</subfield><subfield code="z">Zürich</subfield><subfield code="y">2003</subfield><subfield code="2">gnd-content</subfield></datafield><datafield ind1=" " ind2=" " tag="690"><subfield code="a">Rechtsanwalt; Kaufvertrag; Wirtschaftsrecht; Hochschullehrer; Klausel; Übernahme; Bär; Lenz; Bank; Hochschule; Institut; Are; Change; Exchange; Unternehmen; Beratung; Erfüllung; Leistungsstörung; Baker; Frey</subfield><subfield code="2">idssg-J</subfield></datafield><datafield ind1=" " ind2=" " tag="690"><subfield code="a">Preisanpassungsklausel; Titularprofessor; Unternehmenskaufvertrag; Übernahmerecht; Nichterfüllung; Unternehmensübernahme; Hoc-Publizität; Inhaltsübersicht; Offenlegungspflicht</subfield><subfield code="2">idssg-J</subfield></datafield><datafield ind1=" " ind2=" " tag="690"><subfield code="a">advers Change; ausgewählter Aspekt; deutsche Bank; wirtschaftlicher Abschwung</subfield><subfield code="2">idssg-J</subfield></datafield><datafield ind1=" " ind2=" " tag="690"><subfield code="a">Schweiz C4EXSI; Europa C4E; Deutschland C4EUGE</subfield><subfield code="2">idssg-J</subfield></datafield><datafield ind1=" " ind2=" " tag="690"><subfield code="a">Are we really; Baker Mc Kenzie; Dr. Palrick Schleiffer; Dr. Peter R.; Dr. Rudolf Tschäni; Dr. Urs Schenker; Frey; Matthias Gstoehl; Mergers Acquisitions Schulthess; No Material Adverse Change; Prof. Dr.; Rudolf TSCHANI; Rolf Watter; Rudolf Wötzel; SWXSwiss Exchange; Stefan Lüchinger</subfield><subfield code="2">idssg-J</subfield></datafield><datafield ind1="1" ind2=" " tag="700"><subfield code="a">Tschäni, Rudolf</subfield><subfield code="0">(DE-588)170724824</subfield><subfield code="6">880-02</subfield></datafield><datafield ind1="1" ind2=" " tag="880"><subfield code="6">700-02</subfield><subfield code="a">Tschäni, Rudolf</subfield><subfield code="d">1950-....</subfield><subfield code="0">(IDREF)070391483</subfield></datafield><datafield ind1="2" ind2=" " tag="710"><subfield code="a">Europa Institut Zürich</subfield><subfield code="0">(DE-588)2127683-3</subfield></datafield><datafield ind1="2" ind2=" " tag="710"><subfield code="a">Europa Institut</subfield><subfield code="g">Zurich, Suisse</subfield><subfield code="0">(IDREF)066775949</subfield></datafield><datafield ind1="2" ind2=" " tag="711"><subfield code="a">Mergers &amp; Acquisitions</subfield><subfield code="n">6</subfield><subfield code="d">2003</subfield><subfield code="c">Zürich</subfield><subfield code="0">(RERO)A017601979</subfield></datafield><datafield ind1="0" ind2=" " tag="773"><subfield code="t">Mergers &amp; Acquisitions</subfield><subfield code="g">6(2004)</subfield><subfield code="q">6</subfield><subfield code="g">yr:2004</subfield><subfield code="g">no:6</subfield><subfield code="w">(IDSBB)001601273DSV01</subfield></datafield><datafield ind1="4" ind2=" " tag="856"><subfield code="u">https://tools.unisg.ch/url/hm00109247</subfield><subfield code="z">Inhaltsverzeichnis</subfield></datafield><datafield ind1=" " ind2="0" tag="830"><subfield code="a">Publikationen des Europa Instituts Zürich</subfield><subfield code="v">48</subfield><subfield code="w">(IDSBB)001043443DSV01</subfield></datafield><datafield ind1=" " ind2="0" tag="830"><subfield code="a">Europa Institut Zürich</subfield><subfield code="v">48</subfield><subfield code="w">(NEBIS)001456025EBI01</subfield></datafield><datafield ind1=" " ind2=" " tag="900"><subfield code="a">IDSZ2eizmon200404l</subfield><subfield code="c">IDSZ2maye 040427</subfield></datafield><datafield ind1=" " ind2=" " tag="900"><subfield code="a">IDSZ1ZH</subfield></datafield><datafield ind1=" " ind2=" " tag="900"><subfield code="a">IDSZ2rwimon200404e</subfield><subfield code="c">IDSZ2buche 040421</subfield><subfield code="d">IDSZ2rwiswk200405u</subfield></datafield><datafield ind1=" " ind2=" " tag="900"><subfield code="a">IDSZ2zbzmon200404l</subfield><subfield code="c">IDSZ2haff</subfield><subfield code="d">IDSZ2zbzswk200404b</subfield><subfield code="e">IDSZ2bruu</subfield></datafield><datafield ind1=" " ind2=" " tag="900"><subfield code="a">IDSZ2ivrmon200405l</subfield><subfield code="c">IDSZ2ymub 040511</subfield></datafield><datafield ind1=" " ind2=" " tag="949"><subfield code="a">https://tools.unisg.ch/url/hm00109247</subfield></datafield></record>
</metadata></record>