<record><header><identifier>oai:alma.41SLSP_UGE:991000781829705502</identifier><datestamp>2023-03-01T01:10:14Z</datestamp><setSpec>uge_bcen_RapidILL_BOOK</setSpec><setSpec>uge_aaca_RapidILL_BOOK</setSpec><setSpec>uge_abels_RapidILL_BOOK</setSpec><setSpec>uge_dbu_RapidILL_BOOK</setSpec><setSpec>uge_cmu_RapidILL_BOOK</setSpec><setSpec>uge_mail_RapidILL_BOOK</setSpec><setSpec>UNIGE_ALL</setSpec><setSpec>uge_abbat_RapidILL_BOOK</setSpec><setSpec>uge_aobs_RapidILL_BOOK</setSpec><setSpec>uge_acar_RapidILL_BOOK</setSpec></header><metadata>
<record xmlns="http://www.loc.gov/MARC21/slim" xmlns:xsi="http://www.w3.org/2001/XMLSchema-instance" xsi:schemaLocation="http://www.loc.gov/MARC21/slim http://www.loc.gov/standards/marcxml/schema/MARC21slim.xsd"><leader>02233nam a2200565 c 4500</leader><controlfield tag="001">991000781829705502</controlfield><controlfield tag="005">20201230222322.0</controlfield><controlfield tag="008">201011s2000    sz ||||| |||| 00| ||fre d</controlfield><datafield ind1=" " ind2=" " tag="020"><subfield code="a">2827108895</subfield></datafield><datafield ind1=" " ind2=" " tag="035"><subfield code="a">(swissbib)229524192-41slsp_network</subfield></datafield><datafield ind1=" " ind2=" " tag="035"><subfield code="a">229524192</subfield><subfield code="9">ExL</subfield></datafield><datafield ind1=" " ind2=" " tag="035"><subfield code="a">(RERO)R280205960-41slsp</subfield></datafield><datafield ind1=" " ind2=" " tag="035"><subfield code="a">(IDSBB)002391385DSV01</subfield></datafield><datafield ind1=" " ind2=" " tag="035"><subfield code="a">(IDSLU)000204146ILU01</subfield></datafield><datafield ind1=" " ind2=" " tag="035"><subfield code="a">(NEBIS)004059905EBI01</subfield></datafield><datafield ind1=" " ind2=" " tag="035"><subfield code="a">(EXLNZ-41SLSP_NETWORK)991057248909705501</subfield></datafield><datafield ind1=" " ind2=" " tag="040"><subfield code="a">RERO frbcuc</subfield><subfield code="d">CH-ZuSLS</subfield></datafield><datafield ind1="0" ind2=" " tag="041"><subfield code="a">fre</subfield><subfield code="a">eng</subfield><subfield code="a">ger</subfield></datafield><datafield ind1=" " ind2=" " tag="044"><subfield code="a">sz</subfield><subfield code="c">ch-fr</subfield></datafield><datafield ind1=" " ind2="7" tag="072"><subfield code="a">th</subfield><subfield code="2">rero</subfield></datafield><datafield ind1=" " ind2="7" tag="072"><subfield code="a">th</subfield><subfield code="2">SzZuIDS BS/BE</subfield></datafield><datafield ind1=" " ind2="7" tag="072"><subfield code="a">740</subfield><subfield code="2">IDS LU</subfield></datafield><datafield ind1="0" ind2="4" tag="082"><subfield code="a">262</subfield><subfield code="2">22</subfield></datafield><datafield ind1="1" ind2=" " tag="100"><subfield code="6">880-01</subfield><subfield code="a">Blaser, Klauspeter</subfield><subfield code="d">1939-2002</subfield><subfield code="0">(IDREF)028258991</subfield><subfield code="4">aut</subfield></datafield><datafield ind1="1" ind2=" " tag="880"><subfield code="a">Blaser, Klauspeter</subfield><subfield code="d">1939-2002</subfield><subfield code="0">(DE-588)130410217</subfield><subfield code="6">100-01</subfield></datafield><datafield ind1="1" ind2="0" tag="245"><subfield code="a">Signe et instrument</subfield><subfield code="b">approche protestante de l'Eglise</subfield><subfield code="c">Klauspeter Blaser ; avec la collab. de Christian Badet</subfield></datafield><datafield ind1=" " ind2="1" tag="264"><subfield code="a">Fribourg Suisse</subfield><subfield code="b">Ed. universitaires</subfield><subfield code="c">2000</subfield></datafield><datafield ind1=" " ind2="3" tag="264"><subfield code="a">Fribourg Suisse</subfield><subfield code="b">Impr. Saint-Paul</subfield></datafield><datafield ind1=" " ind2=" " tag="300"><subfield code="a">212 p.</subfield><subfield code="c">23 cm</subfield></datafield><datafield ind1=" " ind2=" " tag="336"><subfield code="b">txt</subfield><subfield code="2">rdacontent</subfield></datafield><datafield ind1=" " ind2=" " tag="337"><subfield code="b">n</subfield><subfield code="2">rdamedia</subfield></datafield><datafield ind1=" " ind2=" " tag="338"><subfield code="b">nc</subfield><subfield code="2">rdacarrier</subfield></datafield><datafield ind1="1" ind2=" " tag="490"><subfield code="a">Cahiers oecuméniques</subfield><subfield code="v">39</subfield></datafield><datafield ind1=" " ind2="7" tag="650"><subfield code="a">ecclésiologie protestante</subfield><subfield code="0">(RERO)A010077026</subfield><subfield code="2">rerovoc</subfield></datafield><datafield ind1=" " ind2="7" tag="650"><subfield code="a">Ekklesiologie</subfield><subfield code="x">Protestantische Kirche</subfield><subfield code="2">idszbz</subfield></datafield><datafield ind1=" " ind2="7" tag="650"><subfield code="a">Kirchenlehre</subfield><subfield code="x">Protestantismus</subfield><subfield code="2">idsbb</subfield></datafield><datafield ind1=" " ind2="7" tag="650"><subfield code="a">Protestantismus</subfield><subfield code="x">Kirchenlehre</subfield><subfield code="2">idsbb</subfield></datafield><datafield ind1=" " ind2="7" tag="650"><subfield code="a">Ekklesiologie</subfield><subfield code="2">idszbz</subfield></datafield><datafield ind1=" " ind2="7" tag="650"><subfield code="a">Evangelische Kirche</subfield><subfield code="2">idszbz</subfield></datafield><datafield ind1=" " ind2="7" tag="650"><subfield code="a">Ekklesiologie</subfield><subfield code="0">(DE-588)4070730-1</subfield><subfield code="2">gnd</subfield></datafield><datafield ind1=" " ind2="7" tag="650"><subfield code="a">Evangelische Theologie</subfield><subfield code="0">(DE-588)4015875-5</subfield><subfield code="2">gnd</subfield></datafield><datafield ind1=" " ind2="7" tag="650"><subfield code="a">Protestantismus</subfield><subfield code="0">(DE-588)4047538-4</subfield><subfield code="2">gnd</subfield></datafield><datafield ind1=" " ind2="0" tag="650"><subfield code="a">Church</subfield><subfield code="x">History of doctrines</subfield></datafield><datafield ind1=" " ind2="0" tag="650"><subfield code="a">Protestant churches</subfield></datafield><datafield ind1=" " ind2=" " tag="690"><subfield code="a">Kirche, evangelische, B: Ekklesiologie</subfield><subfield code="2">rzs-L1</subfield></datafield><datafield ind1="1" ind2=" " tag="700"><subfield code="a">Badet, Christian</subfield><subfield code="0">(IDREF)066511992</subfield><subfield code="4">ctb</subfield></datafield><datafield ind1=" " ind2=" " tag="830"><subfield code="a">Ökumenische Beihefte zur Freiburger Zeitschrift für Philosophie und Theologie</subfield><subfield code="v">39</subfield><subfield code="w">(NEBIS)000987103EBI01</subfield></datafield><datafield ind1=" " ind2=" " tag="830"><subfield code="a">Ökumenische Beihefte</subfield><subfield code="v">39</subfield><subfield code="w">(RERO)0018574-41slsp</subfield></datafield><datafield ind1=" " ind2=" " tag="830"><subfield code="a">Cahiers oecuméniques</subfield><subfield code="v">39</subfield><subfield code="w">(IDSBB)000290254DSV01</subfield></datafield><datafield ind1=" " ind2=" " tag="900"><subfield code="a">REROnoselfmerge</subfield></datafield><datafield ind1=" " ind2=" " tag="900"><subfield code="a">IDSZ2zbzmon200101e</subfield><subfield code="c">IDSZ2baeh 010112</subfield><subfield code="d">IDSZ2zbzswk200104b</subfield><subfield code="e">IDSZ2haag</subfield></datafield></record>
</metadata></record>