<record><header><identifier>oai:alma.41SLSP_UGE:991000780999705502</identifier><datestamp>2023-03-01T01:10:14Z</datestamp><setSpec>uge_bcen_RapidILL_BOOK</setSpec><setSpec>uge_aaca_RapidILL_BOOK</setSpec><setSpec>uge_abels_RapidILL_BOOK</setSpec><setSpec>uge_dbu_RapidILL_BOOK</setSpec><setSpec>uge_cmu_RapidILL_BOOK</setSpec><setSpec>uge_mail_RapidILL_BOOK</setSpec><setSpec>UNIGE_ALL</setSpec><setSpec>uge_abbat_RapidILL_BOOK</setSpec><setSpec>uge_aobs_RapidILL_BOOK</setSpec><setSpec>uge_acar_RapidILL_BOOK</setSpec></header><metadata>
<record xmlns="http://www.loc.gov/MARC21/slim" xmlns:xsi="http://www.w3.org/2001/XMLSchema-instance" xsi:schemaLocation="http://www.loc.gov/MARC21/slim http://www.loc.gov/standards/marcxml/schema/MARC21slim.xsd"><leader>02520nam a2200301 c 4500</leader><controlfield tag="001">991000780999705502</controlfield><controlfield tag="005">20201126043258.0</controlfield><controlfield tag="008">100114s2009    sz ||||| m||| 00| ||fre d</controlfield><datafield ind1=" " ind2=" " tag="019"><subfield code="a">Catalogage décrit l'ex. de thèse</subfield><subfield code="5">RERO/geudbu/01.2010</subfield></datafield><datafield ind1=" " ind2=" " tag="035"><subfield code="a">(swissbib)109871774-41slsp_network</subfield></datafield><datafield ind1=" " ind2=" " tag="035"><subfield code="a">109871774</subfield><subfield code="9">ExL</subfield></datafield><datafield ind1=" " ind2=" " tag="035"><subfield code="a">(RERO)R005369670-41slsp</subfield></datafield><datafield ind1=" " ind2=" " tag="035"><subfield code="a">(EXLNZ-41SLSP_NETWORK)991028086199705501</subfield></datafield><datafield ind1=" " ind2=" " tag="040"><subfield code="a">RERO geudbu</subfield><subfield code="d">CH-ZuSLS</subfield></datafield><datafield ind1="0" ind2=" " tag="041"><subfield code="a">fre</subfield><subfield code="a">eng</subfield></datafield><datafield ind1=" " ind2=" " tag="044"><subfield code="a">sz</subfield><subfield code="c">ch-ge</subfield></datafield><datafield ind1=" " ind2="7" tag="072"><subfield code="a">me</subfield><subfield code="2">rero</subfield></datafield><datafield ind1="1" ind2=" " tag="100"><subfield code="a">Wang, Hui</subfield><subfield code="0">(RERO)A009562656</subfield><subfield code="4">cre</subfield></datafield><datafield ind1="1" ind2="0" tag="245"><subfield code="a">Réirradiation d'un volume partiel de la prostate pour les rechutes locales après radiothérapie curative</subfield><subfield code="b">étude d'acquisition de volumes cibles guidée par PET/CT à base de fluorocholine et comparaison dosimétrique entre différentes techniques d'irradiation</subfield><subfield code="c">Hui Wang</subfield></datafield><datafield ind1=" " ind2="1" tag="264"><subfield code="a">Genève</subfield><subfield code="b">[éditeur non identifié]</subfield><subfield code="c">2009</subfield></datafield><datafield ind1=" " ind2=" " tag="300"><subfield code="a">83 f.</subfield><subfield code="b">ill.</subfield></datafield><datafield ind1=" " ind2=" " tag="336"><subfield code="b">txt</subfield><subfield code="2">rdacontent</subfield></datafield><datafield ind1=" " ind2=" " tag="337"><subfield code="b">n</subfield><subfield code="2">rdamedia</subfield></datafield><datafield ind1=" " ind2=" " tag="338"><subfield code="b">nc</subfield><subfield code="2">rdacarrier</subfield></datafield><datafield ind1=" " ind2=" " tag="502"><subfield code="a">Th. Univ. Genève, 2009 ; Méd. 10604</subfield></datafield><datafield ind1=" " ind2=" " tag="508"><subfield code="a">Directeur de thèse: Professeur Raymond Miralbell</subfield></datafield><datafield ind1="8" ind2=" " tag="520"><subfield code="a">La rechute locale d'un cancer de la prostate après radiothérapie curative est un défi pour tout radio-oncologue. Une réirradiation de la récidive avec des techniques de haute précision est une alternative théoriquement envisageable mais, identifier avec précision le site et la taille de la récidive et protéger suffisamment les organes à risque (OARs) n'est pas simple. Pourtant, grâce aux progrès récents en matière d'imagerie fonctionnelle et aux techniques modernes de radiothérapie, il est désormais possible d'envisager une telle réirradiation. Ce travail a évalué différentes techniques de segmentation du volume cible macroscopique (GTV) par PET/CT à base de 18F-fluorcholine, et a comparé des plans de traitement par des techniques de modulation d'intensité de rayons X par faisceaux statiques (IMRT statique) ou dynamiques (RapidArc, RA), ou par des faisceaux de protons modulés (IMPT). Cette étude a montré que la segmentation manuelle du GTV guidée par PET/CT réduit la variabilité inter-observateurs. La sélection de l'algorithme de segmentation semi-automatique la plus appropriée doit encore être déterminée. L'IMPT offrirait une meilleure préservation des OARs, tandis qu'une distribution de dose plus homogène sur le volume cible prévisionnel (PTV) a été obtenue avec RapidArc</subfield><subfield code="5">RERO/geudbu/01.2010</subfield></datafield><datafield ind1=" " ind2="2" tag="655"><subfield code="a">Academic Dissertation</subfield></datafield><datafield ind1=" " ind2=" " tag="900"><subfield code="a">REROnoselfmerge</subfield></datafield></record>
</metadata></record>