<record><header><identifier>oai:alma.41SLSP_UGE:991000781619705502</identifier><datestamp>2023-06-20T00:26:02Z</datestamp><setSpec>uge_bcen_RapidILL_BOOK</setSpec><setSpec>uge_aaca_RapidILL_BOOK</setSpec><setSpec>uge_abels_RapidILL_BOOK</setSpec><setSpec>uge_dbu_RapidILL_BOOK</setSpec><setSpec>uge_cmu_RapidILL_BOOK</setSpec><setSpec>uge_mail_RapidILL_BOOK</setSpec><setSpec>uge_abbat_RapidILL_BOOK</setSpec><setSpec>UNIGE_ALL</setSpec><setSpec>uge_aobs_RapidILL_BOOK</setSpec><setSpec>uge_acar_RapidILL_BOOK</setSpec></header><metadata>
<record xmlns="http://www.loc.gov/MARC21/slim" xmlns:xsi="http://www.w3.org/2001/XMLSchema-instance" xsi:schemaLocation="http://www.loc.gov/MARC21/slim http://www.loc.gov/standards/marcxml/schema/MARC21slim.xsd"><leader>04991nam a2200901 c 4500</leader><controlfield tag="001">991000781619705502</controlfield><controlfield tag="005">20230619202910.0</controlfield><controlfield tag="008">201011s2012    xxk||||| |||| 00| ||eng d</controlfield><datafield ind1=" " ind2=" " tag="010"><subfield code="a">2012006477</subfield></datafield><datafield ind1=" " ind2=" " tag="020"><subfield code="a">1107401240</subfield><subfield code="q">pbk.</subfield></datafield><datafield ind1=" " ind2=" " tag="020"><subfield code="a">1107008565</subfield><subfield code="q">hbk.</subfield></datafield><datafield ind1=" " ind2=" " tag="020"><subfield code="a">9781107008564</subfield><subfield code="q">hbk.</subfield></datafield><datafield ind1=" " ind2=" " tag="020"><subfield code="a">9781107401242</subfield><subfield code="q">pbk.</subfield></datafield><datafield ind1="7" ind2=" " tag="024"><subfield code="a">http://catalogue.bnf.fr/ark:/12148/cb428009687</subfield><subfield code="2">uri</subfield></datafield><datafield ind1=" " ind2=" " tag="035"><subfield code="a">(swissbib)211449466-41slsp_network</subfield></datafield><datafield ind1=" " ind2=" " tag="035"><subfield code="a">211449466</subfield><subfield code="9">ExL</subfield></datafield><datafield ind1=" " ind2=" " tag="035"><subfield code="a">(RERO)R007218055-41slsp</subfield></datafield><datafield ind1=" " ind2=" " tag="035"><subfield code="a">(IDSBB)005696848DSV01</subfield></datafield><datafield ind1=" " ind2=" " tag="035"><subfield code="a">(NEBIS)007312465EBI01</subfield></datafield><datafield ind1=" " ind2=" " tag="035"><subfield code="a">(OCoLC)794555705</subfield></datafield><datafield ind1=" " ind2=" " tag="035"><subfield code="a">(EXLNZ-41SLSP_NETWORK)991140580199705501</subfield></datafield><datafield ind1=" " ind2=" " tag="040"><subfield code="a">UKMGB</subfield><subfield code="d">CH-ZuSLS</subfield></datafield><datafield ind1=" " ind2="4" tag="050"><subfield code="a">QH</subfield></datafield><datafield ind1=" " ind2=" " tag="050"><subfield code="a">QH447</subfield><subfield code="b">.S26 2012</subfield></datafield><datafield ind1=" " ind2="7" tag="072"><subfield code="a">bi</subfield><subfield code="2">rero</subfield></datafield><datafield ind1=" " ind2="7" tag="072"><subfield code="a">bi</subfield><subfield code="2">SzZuIDS BS/BE</subfield></datafield><datafield ind1="0" ind2="4" tag="082"><subfield code="a">570.2/8551</subfield><subfield code="2">23</subfield></datafield><datafield ind1="0" ind2="4" tag="082"><subfield code="a">572.8'6</subfield><subfield code="2">23</subfield></datafield><datafield ind1="0" ind2="4" tag="082"><subfield code="a">572.860285</subfield><subfield code="2">23</subfield></datafield><datafield ind1="0" ind2="4" tag="082"><subfield code="a">572.86</subfield></datafield><datafield ind1="0" ind2="4" tag="082"><subfield code="a">572.8</subfield><subfield code="a">572.80285</subfield><subfield code="a">572.86</subfield></datafield><datafield ind1="1" ind2="4" tag="082"><subfield code="a">570</subfield><subfield code="2">15</subfield></datafield><datafield ind1=" " ind2=" " tag="084"><subfield code="a">ST 640</subfield><subfield code="2">rvk</subfield></datafield><datafield ind1=" " ind2=" " tag="084"><subfield code="a">WC 7700</subfield><subfield code="2">rvk</subfield></datafield><datafield ind1=" " ind2=" " tag="084"><subfield code="a">SCI029000</subfield><subfield code="2">bisacsh</subfield></datafield><datafield ind1="1" ind2=" " tag="100"><subfield code="a">Samuelsson, Tore</subfield><subfield code="d">1951-</subfield><subfield code="0">(DE-588)102361409X</subfield><subfield code="6">880-01</subfield></datafield><datafield ind1="1" ind2=" " tag="880"><subfield code="6">100-01</subfield><subfield code="a">Samuelsson, Tore</subfield><subfield code="d">1951-</subfield><subfield code="0">(IDREF)169367851</subfield><subfield code="4">cre</subfield></datafield><datafield ind1="1" ind2="0" tag="245"><subfield code="a">Genomics and bioinformatics</subfield><subfield code="b">an introduction to programming tools</subfield><subfield code="c">by Tore Samuelsson</subfield></datafield><datafield ind1=" " ind2="1" tag="264"><subfield code="a">Cambridge</subfield><subfield code="b">Cambridge University Press</subfield><subfield code="c">2012</subfield></datafield><datafield ind1=" " ind2=" " tag="300"><subfield code="a">338 p.</subfield><subfield code="b">ill.</subfield></datafield><datafield ind1=" " ind2=" " tag="336"><subfield code="b">txt</subfield><subfield code="2">rdacontent</subfield></datafield><datafield ind1=" " ind2=" " tag="337"><subfield code="b">n</subfield><subfield code="2">rdamedia</subfield></datafield><datafield ind1=" " ind2=" " tag="338"><subfield code="b">nc</subfield><subfield code="2">rdacarrier</subfield></datafield><datafield ind1=" " ind2=" " tag="504"><subfield code="a">Includes bibliographical references and index</subfield></datafield><datafield ind1="0" ind2=" " tag="505"><subfield code="a">1. Introduction : working with the molecules of life in the computer. 2. Gene technology : cutting DNA. 3. Gene technology : knocking genes down. 4. Gene technology : amplifying DNA. 5. Human disease : when DNA sequences are toxic. 6. Human disease : iron imbalance and the iron responsive element. 7. Human disease : cancer as a result of aberrant proteins. 8. Evolution : what makes us human? 9. Evolution : resolving a criminal case. 10. Evolution : the sad case of the Tasmanian tiger. 11. A function to every gene : termites, metagenomics and learning about the function of a sequence. 12. A function to every gene : royal blood and order in the sequence universe. 13. A function to every gene : a slimy molecule. 14. Information resources : learning about flu viruses. 15. Finding genes : going ashore at CpG islands. 16. Finding genes : in the world of snurps. 17. Finding genes : hunting for the distant RNA relatives. 18. Personal genomes : the differences between you and me. 19. Personal genomes : what's in my genome? 20. Personal genomes : details of family genetics. Appendix I. Brief Unix reference. Appendix II. A selection of biological sequence analysis software. Appendix III. Short Perl reference. Appendix IV. Brief introduction to R. Index</subfield></datafield><datafield ind1=" " ind2="0" tag="650"><subfield code="a">Bioinformatics</subfield><subfield code="x">Methodology</subfield></datafield><datafield ind1=" " ind2="0" tag="650"><subfield code="a">Computer programming</subfield><subfield code="v">Problems, exercises, etc</subfield></datafield><datafield ind1=" " ind2="0" tag="650"><subfield code="a">Genomics</subfield><subfield code="x">Methodology</subfield></datafield><datafield ind1=" " ind2="7" tag="650"><subfield code="a">Bioinformatique</subfield><subfield code="0">(IDREF)069395721</subfield><subfield code="2">idref</subfield></datafield><datafield ind1=" " ind2="7" tag="650"><subfield code="a">Génomique</subfield><subfield code="0">(IDREF)145354539</subfield><subfield code="2">idref</subfield></datafield><datafield ind1=" " ind2="7" tag="650"><subfield code="a">Méthodologie</subfield><subfield code="0">(IDREF)027239489</subfield><subfield code="2">idref</subfield></datafield><datafield ind1=" " ind2="2" tag="650"><subfield code="a">Computational Biology</subfield></datafield><datafield ind1=" " ind2="2" tag="650"><subfield code="a">Genomics</subfield></datafield><datafield ind1=" " ind2="2" tag="650"><subfield code="a">Electronic Data Processing</subfield><subfield code="0">(DNLM)D001330</subfield></datafield><datafield ind1=" " ind2="2" tag="650"><subfield code="a">Genomics</subfield><subfield code="x">statistics &amp; numerical data</subfield><subfield code="0">(DNLM)D023281Q000706</subfield></datafield><datafield ind1=" " ind2="7" tag="650"><subfield code="a">Bioinformatik</subfield><subfield code="0">(DE-588)4611085-9</subfield><subfield code="2">gnd</subfield></datafield><datafield ind1=" " ind2="7" tag="650"><subfield code="a">Genomik</subfield><subfield code="0">(DE-588)4776397-8</subfield><subfield code="2">gnd</subfield></datafield><datafield ind1=" " ind2="7" tag="650"><subfield code="a">Programmierung</subfield><subfield code="0">(DE-588)4076370-5</subfield><subfield code="2">gnd</subfield></datafield><datafield ind1=" " ind2="0" tag="650"><subfield code="a">Genomics</subfield><subfield code="x">Data processing</subfield></datafield><datafield ind1=" " ind2="0" tag="650"><subfield code="a">Bioinformatics</subfield></datafield><datafield ind1=" " ind2="7" tag="650"><subfield code="a">SCIENCE / Life Sciences / Genetics &amp; Genomics</subfield><subfield code="2">bisacsh</subfield></datafield><datafield ind1=" " ind2="7" tag="650"><subfield code="a">Genanalyse</subfield><subfield code="0">(DE-588)4200230-8</subfield><subfield code="2">gnd</subfield></datafield><datafield ind1=" " ind2="0" tag="650"><subfield code="a">Bioinformatics</subfield><subfield code="x">Electronic books</subfield></datafield><datafield ind1=" " ind2="7" tag="650"><subfield code="a">BIOLOGISCHE INFORMATIK UND COMPUTERANWENDUNG IN DER BIOLOGIE</subfield><subfield code="9">ger</subfield><subfield code="0">(ETHUDK)000050943</subfield><subfield code="2">ethudk</subfield></datafield><datafield ind1=" " ind2="7" tag="650"><subfield code="a">DATA MINING (MATHEMATISCHE STATISTIK)</subfield><subfield code="9">ger</subfield><subfield code="0">(ETHUDK)000062805</subfield><subfield code="2">ethudk</subfield></datafield><datafield ind1=" " ind2="7" tag="650"><subfield code="a">DATENBEHANDLUNG + DATENAUSWERTUNG (EXPERIMENTELLE BIOLOGIE)</subfield><subfield code="9">ger</subfield><subfield code="0">(ETHUDK)000057195</subfield><subfield code="2">ethudk</subfield></datafield><datafield ind1=" " ind2="7" tag="650"><subfield code="a">GENOMIK (MOLEKULARE GENETIK)</subfield><subfield code="9">ger</subfield><subfield code="0">(ETHUDK)000064308</subfield><subfield code="2">ethudk</subfield></datafield><datafield ind1=" " ind2="7" tag="650"><subfield code="a">PROGRAMMIERMETHODEN + PROGRAMMIERTECHNIKEN</subfield><subfield code="9">ger</subfield><subfield code="0">(ETHUDK)000013722</subfield><subfield code="2">ethudk</subfield></datafield><datafield ind1=" " ind2="7" tag="655"><subfield code="a">Problèmes et exercices</subfield><subfield code="0">(IDREF)027790517</subfield><subfield code="2">idref</subfield></datafield><datafield ind1=" " ind2="7" tag="655"><subfield code="a">Manuels d'enseignement supérieur</subfield><subfield code="0">(IDREF)03020934X</subfield><subfield code="2">idref</subfield></datafield><datafield ind1=" " ind2="7" tag="655"><subfield code="a">Lehrbuch</subfield><subfield code="2">gnd-content</subfield></datafield><datafield ind1=" " ind2=" " tag="690"><subfield code="a">519 :57</subfield><subfield code="d">Biologische Informatik und Statistik</subfield><subfield code="2">uzb-UK</subfield></datafield><datafield ind1=" " ind2=" " tag="690"><subfield code="a">575</subfield><subfield code="d">Genetik (Allgemein)</subfield><subfield code="2">uzb-UK</subfield></datafield><datafield ind1="4" ind2=" " tag="856"><subfield code="3">Titelblatt und Inhaltsverzeichnis</subfield><subfield code="u">https://toc.library.ethz.ch/objects/pdf/e01_978-1-107-00856-4_01.pdf</subfield><subfield code="q">pdf</subfield></datafield><datafield ind1="4" ind2=" " tag="856"><subfield code="3">Abstract / Autoreninformation</subfield><subfield code="u">https://toc.library.ethz.ch/objects/pdf/e01_978-1-107-00856-4_02.pdf</subfield><subfield code="q">pdf</subfield></datafield><datafield ind1=" " ind2=" " tag="900"><subfield code="a">IDSZ2zbzmon201208l</subfield><subfield code="c">IDSZ2tres</subfield><subfield code="d">IDSZ2zbzswk201209b</subfield><subfield code="e">IDSZ2tschu</subfield></datafield><datafield ind1=" " ind2=" " tag="911"><subfield code="a">100</subfield><subfield code="a">Samuelsson, Tore</subfield><subfield code="d">1951-</subfield></datafield><datafield ind1=" " ind2=" " tag="949"><subfield code="a">https://toc.library.ethz.ch/objects/pdf/e01_978-1-107-00856-4_01.pdf</subfield></datafield><datafield ind1=" " ind2=" " tag="949"><subfield code="a">https://toc.library.ethz.ch/objects/pdf/e01_978-1-107-00856-4_02.pdf</subfield></datafield></record>
</metadata></record>