<record><header><identifier>oai:alma.41SLSP_UGE:991000781029705502</identifier><datestamp>2023-05-03T00:44:38Z</datestamp><setSpec>uge_bcen_RapidILL_BOOK</setSpec><setSpec>uge_aaca_RapidILL_BOOK</setSpec><setSpec>uge_abels_RapidILL_BOOK</setSpec><setSpec>uge_dbu_RapidILL_BOOK</setSpec><setSpec>uge_cmu_RapidILL_BOOK</setSpec><setSpec>uge_mail_RapidILL_BOOK</setSpec><setSpec>uge_abbat_RapidILL_BOOK</setSpec><setSpec>UNIGE_ALL</setSpec><setSpec>uge_acar_RapidILL_BOOK</setSpec><setSpec>uge_aobs_RapidILL_BOOK</setSpec></header><metadata>
<record xmlns="http://www.loc.gov/MARC21/slim" xmlns:xsi="http://www.w3.org/2001/XMLSchema-instance" xsi:schemaLocation="http://www.loc.gov/MARC21/slim http://www.loc.gov/standards/marcxml/schema/MARC21slim.xsd"><leader>01239nam a2200313 c 4500</leader><controlfield tag="001">991000781029705502</controlfield><controlfield tag="005">20230502190004.0</controlfield><controlfield tag="008">900130s1979    sp ||||| |||| 00| ||spa d</controlfield><datafield ind1=" " ind2=" " tag="020"><subfield code="a">8400044770</subfield></datafield><datafield ind1=" " ind2=" " tag="035"><subfield code="a">(swissbib)084390735-41slsp_network</subfield></datafield><datafield ind1=" " ind2=" " tag="035"><subfield code="a">084390735</subfield><subfield code="9">ExL</subfield></datafield><datafield ind1=" " ind2=" " tag="035"><subfield code="a">(RERO)1201642-41slsp</subfield></datafield><datafield ind1=" " ind2=" " tag="035"><subfield code="a">(EXLNZ-41SLSP_NETWORK)991141678739705501</subfield></datafield><datafield ind1=" " ind2=" " tag="040"><subfield code="a">RERO geules</subfield><subfield code="d">CH-ZuSLS</subfield></datafield><datafield ind1=" " ind2="7" tag="072"><subfield code="a">es</subfield><subfield code="2">rero</subfield></datafield><datafield ind1="1" ind2=" " tag="100"><subfield code="a">Simón Palmer, María del Carmen</subfield><subfield code="0">(IDREF)028344154</subfield><subfield code="4">cre</subfield></datafield><datafield ind1="1" ind2="0" tag="245"><subfield code="a">Manuscritos dramáticos de los siglos XVIII-XX de la Biblioteca del Instituto del teatro de Barcelona</subfield><subfield code="c">por María del Carmen Simón Palmer</subfield></datafield><datafield ind1=" " ind2="1" tag="264"><subfield code="a">Madrid</subfield><subfield code="b">C.S.I.C.</subfield><subfield code="c">1979</subfield></datafield><datafield ind1=" " ind2=" " tag="300"><subfield code="a">VII, 248 p.</subfield><subfield code="c">25 cm</subfield></datafield><datafield ind1=" " ind2=" " tag="336"><subfield code="b">txt</subfield><subfield code="2">rdacontent</subfield></datafield><datafield ind1=" " ind2=" " tag="337"><subfield code="b">n</subfield><subfield code="2">rdamedia</subfield></datafield><datafield ind1=" " ind2=" " tag="338"><subfield code="b">nc</subfield><subfield code="2">rdacarrier</subfield></datafield><datafield ind1="1" ind2=" " tag="490"><subfield code="a">Cuadernos bibliográficos</subfield><subfield code="v">39</subfield></datafield><datafield ind1="2" ind2="7" tag="610"><subfield code="a">Institut del teatre</subfield><subfield code="g">Barcelone, Espagne</subfield><subfield code="b">Biblioteca</subfield><subfield code="0">(IDREF)03013515X</subfield><subfield code="2">idref</subfield></datafield><datafield ind1=" " ind2="7" tag="650"><subfield code="a">18e siècle-20e siècle</subfield><subfield code="2">idref</subfield></datafield><datafield ind1=" " ind2="7" tag="650"><subfield code="a">Manuscrits</subfield><subfield code="0">(IDREF)027238512</subfield><subfield code="2">idref</subfield></datafield><datafield ind1=" " ind2="7" tag="650"><subfield code="a">Théâtre (genre littéraire) espagnol</subfield><subfield code="0">(IDREF)027796825</subfield><subfield code="2">idref</subfield></datafield><datafield ind1="2" ind2=" " tag="710"><subfield code="a">Biblioteca del Institut del teatre (Barcelona)</subfield><subfield code="0">(RERO)A012326176</subfield></datafield><datafield ind1=" " ind2=" " tag="830"><subfield code="a">Cuadernos bibliográficos</subfield><subfield code="v">39</subfield><subfield code="w">(RERO)0014194-41slsp</subfield></datafield><datafield ind1=" " ind2=" " tag="900"><subfield code="a">REROnoselfmerge</subfield></datafield><datafield ind1=" " ind2=" " tag="993"><subfield code="a">BFLA 35148/39</subfield><subfield code="x">ge/ules/a/88/320</subfield><subfield code="9">LOCAL</subfield></datafield></record>
</metadata></record>