<record><header><identifier>oai:alma.41SLSP_UGE:991000781339705502</identifier><datestamp>2023-03-28T00:17:11Z</datestamp><setSpec>uge_bcen_RapidILL_BOOK</setSpec><setSpec>uge_aaca_RapidILL_BOOK</setSpec><setSpec>uge_abels_RapidILL_BOOK</setSpec><setSpec>uge_dbu_RapidILL_BOOK</setSpec><setSpec>uge_cmu_RapidILL_BOOK</setSpec><setSpec>uge_mail_RapidILL_BOOK</setSpec><setSpec>uge_abbat_RapidILL_BOOK</setSpec><setSpec>UNIGE_ALL</setSpec><setSpec>uge_acar_RapidILL_BOOK</setSpec><setSpec>uge_aobs_RapidILL_BOOK</setSpec></header><metadata>
<record xmlns="http://www.loc.gov/MARC21/slim" xmlns:xsi="http://www.w3.org/2001/XMLSchema-instance" xsi:schemaLocation="http://www.loc.gov/MARC21/slim http://www.loc.gov/standards/marcxml/schema/MARC21slim.xsd"><leader>03046nam a2200649 c 4500</leader><controlfield tag="001">991000781339705502</controlfield><controlfield tag="005">20230327184801.0</controlfield><controlfield tag="008">201011s2015    gw ||||| m||| 00| ||ger d</controlfield><datafield ind1=" " ind2=" " tag="015"><subfield code="a">15,A26</subfield><subfield code="z">15,N20</subfield><subfield code="2">dnb</subfield></datafield><datafield ind1="7" ind2=" " tag="016"><subfield code="a">1070644560</subfield><subfield code="2">DE-101</subfield></datafield><datafield ind1=" " ind2=" " tag="020"><subfield code="a">9783863312404</subfield><subfield code="q">kart.</subfield><subfield code="c">EUR 19.00 (DE), EUR 19.60 (AT), sfr 27.50 (freier Pr.)</subfield></datafield><datafield ind1="3" ind2=" " tag="024"><subfield code="a">9783863312404</subfield></datafield><datafield ind1=" " ind2=" " tag="035"><subfield code="a">(swissbib)219262772-41slsp_network</subfield></datafield><datafield ind1=" " ind2=" " tag="035"><subfield code="a">219262772</subfield><subfield code="9">ExL</subfield></datafield><datafield ind1=" " ind2=" " tag="035"><subfield code="a">(RERO)R008168703-41slsp</subfield></datafield><datafield ind1=" " ind2=" " tag="035"><subfield code="a">(NEBIS)010482065EBI01</subfield></datafield><datafield ind1=" " ind2=" " tag="035"><subfield code="a">(IDSLU)001201713ILU01</subfield></datafield><datafield ind1=" " ind2=" " tag="035"><subfield code="a">(DE-599)DNB1070644560</subfield></datafield><datafield ind1=" " ind2=" " tag="035"><subfield code="a">(OCoLC)909058840</subfield></datafield><datafield ind1=" " ind2=" " tag="035"><subfield code="a">(EXLNZ-41SLSP_NETWORK)991014741449705501</subfield></datafield><datafield ind1=" " ind2=" " tag="040"><subfield code="a">RERO geulhg</subfield><subfield code="d">CH-ZuSLS</subfield></datafield><datafield ind1=" " ind2="7" tag="072"><subfield code="a">ht</subfield><subfield code="2">rero</subfield></datafield><datafield ind1=" " ind2="7" tag="072"><subfield code="a">ss</subfield><subfield code="2">rero</subfield></datafield><datafield ind1=" " ind2="7" tag="072"><subfield code="a">630</subfield><subfield code="2">IDS LU</subfield></datafield><datafield ind1="0" ind2="4" tag="082"><subfield code="a">305.89149704309045</subfield><subfield code="2">22/ger</subfield></datafield><datafield ind1=" " ind2=" " tag="084"><subfield code="a">300</subfield><subfield code="a">943</subfield><subfield code="2">sdnb</subfield></datafield><datafield ind1=" " ind2=" " tag="084"><subfield code="a">LB 48017</subfield><subfield code="2">rvk</subfield></datafield><datafield ind1="1" ind2=" " tag="100"><subfield code="6">880-01</subfield><subfield code="a">Reuss, Anja</subfield><subfield code="d">19..-....</subfield><subfield code="0">(IDREF)251547558</subfield><subfield code="4">cre</subfield></datafield><datafield ind1="1" ind2=" " tag="880"><subfield code="a">Reuss, Anja</subfield><subfield code="0">(DE-588)107222710X</subfield><subfield code="6">100-01</subfield></datafield><datafield ind1="1" ind2="0" tag="245"><subfield code="a">Kontinuitäten der Stigmatisierung</subfield><subfield code="b">Sinti und Roma in der deutschen Nachkriegszeit</subfield><subfield code="c">Anja Reuss</subfield></datafield><datafield ind1=" " ind2="1" tag="264"><subfield code="a">Berlin</subfield><subfield code="b">Metropol</subfield><subfield code="c">2015</subfield></datafield><datafield ind1=" " ind2=" " tag="300"><subfield code="a">251 S.</subfield><subfield code="c">22 cm</subfield></datafield><datafield ind1=" " ind2=" " tag="336"><subfield code="b">txt</subfield><subfield code="2">rdacontent</subfield></datafield><datafield ind1=" " ind2=" " tag="337"><subfield code="b">n</subfield><subfield code="2">rdamedia</subfield></datafield><datafield ind1=" " ind2=" " tag="338"><subfield code="b">nc</subfield><subfield code="2">rdacarrier</subfield></datafield><datafield ind1=" " ind2=" " tag="500"><subfield code="a">Personenregister</subfield></datafield><datafield ind1=" " ind2=" " tag="502"><subfield code="a">&quot;Die vorliegende Untersuchung habe ich als Magisterarbeit im November 2013 unter dem Titel &quot;Lebensrealitäten von Sinti und Roma in Deutschland 1945-1950. Antiziganistische Verfolgungs- und Verdrängungspolitik im Spannungsfeld von Tradition und Wandel&quot; an der Philosophische Fakultät I des Instituts für Geschichtswissenschaften der Humboldt-Universität zu Berlin vorgelegt.&quot;. - S. 227</subfield></datafield><datafield ind1=" " ind2=" " tag="504"><subfield code="a">Quellen- und Literaturverzeichnis: S. 231-247</subfield></datafield><datafield ind1=" " ind2="7" tag="648"><subfield code="a">Geschichte</subfield><subfield code="2">gnd</subfield></datafield><datafield ind1=" " ind2="7" tag="650"><subfield code="a">Tsiganes</subfield><subfield code="0">(IDREF)027253481</subfield><subfield code="2">idref</subfield></datafield><datafield ind1=" " ind2="7" tag="650"><subfield code="a">Stigmatisation (psychologie sociale)</subfield><subfield code="0">(IDREF)031017037</subfield><subfield code="2">idref</subfield></datafield><datafield ind1=" " ind2="7" tag="650"><subfield code="a">Discrimination</subfield><subfield code="0">(IDREF)027803465</subfield><subfield code="2">idref</subfield></datafield><datafield ind1=" " ind2="7" tag="650"><subfield code="a">Modes de vie</subfield><subfield code="0">(IDREF)028083202</subfield><subfield code="2">idref</subfield></datafield><datafield ind1=" " ind2="7" tag="650"><subfield code="a">20e siècle (milieu)</subfield><subfield code="0">(RERO)A022547822</subfield><subfield code="2">rero</subfield></datafield><datafield ind1=" " ind2="7" tag="650"><subfield code="a">Diskriminierung</subfield><subfield code="0">(DE-588)4012472-1</subfield><subfield code="2">gnd</subfield></datafield><datafield ind1=" " ind2="7" tag="650"><subfield code="a">Lebensbedingungen</subfield><subfield code="0">(DE-588)4130642-9</subfield><subfield code="2">gnd</subfield></datafield><datafield ind1=" " ind2="7" tag="650"><subfield code="a">Nationalsozialismus</subfield><subfield code="0">(DE-588)4041316-0</subfield><subfield code="2">gnd</subfield></datafield><datafield ind1=" " ind2="7" tag="650"><subfield code="a">Roma</subfield><subfield code="g">Volk</subfield><subfield code="0">(DE-588)4050473-6</subfield><subfield code="2">gnd</subfield></datafield><datafield ind1=" " ind2="7" tag="650"><subfield code="a">Sinti</subfield><subfield code="0">(DE-588)4055133-7</subfield><subfield code="2">gnd</subfield></datafield><datafield ind1=" " ind2="7" tag="650"><subfield code="a">Überlebender</subfield><subfield code="0">(DE-588)4136796-0</subfield><subfield code="2">gnd</subfield></datafield><datafield ind1=" " ind2="7" tag="650"><subfield code="a">Verfolgung</subfield><subfield code="0">(DE-588)4127664-4</subfield><subfield code="2">gnd</subfield></datafield><datafield ind1=" " ind2="7" tag="651"><subfield code="a">Allemagne - Occupation alliée (1945-1955)</subfield><subfield code="0">(RERO)A027448136</subfield><subfield code="2">rero</subfield></datafield><datafield ind1=" " ind2="7" tag="651"><subfield code="a">Deutschland</subfield><subfield code="g">Gebiet unter Alliierter Besatzung, Sowjetische Zone</subfield><subfield code="0">(DE-588)35102-7</subfield><subfield code="2">gnd</subfield></datafield><datafield ind1=" " ind2="7" tag="651"><subfield code="a">Deutschland</subfield><subfield code="g">Gebiet unter Alliierter Besatzung, Westzonen</subfield><subfield code="0">(DE-588)4090736-3</subfield><subfield code="2">gnd</subfield></datafield><datafield ind1="4" ind2=" " tag="856"><subfield code="3">Titelblatt und Inhaltsverzeichnis</subfield><subfield code="u">https://toc.library.ethz.ch/objects/pdf03/z01_978-3-86331-240-4_01.pdf</subfield><subfield code="q">pdf</subfield></datafield><datafield ind1=" " ind2=" " tag="900"><subfield code="a">REROnoselfmerge</subfield></datafield><datafield ind1=" " ind2=" " tag="900"><subfield code="a">IDSZ2zbzmon201508f</subfield><subfield code="c">IDSZ2maer</subfield><subfield code="d">IDSZ2zbzswk201509g</subfield><subfield code="e">IDSZ2isme</subfield></datafield><datafield ind1=" " ind2=" " tag="949"><subfield code="a">https://toc.library.ethz.ch/objects/pdf03/z01_978-3-86331-240-4_01.pdf</subfield></datafield></record>
</metadata></record>