<record><header><identifier>oai:alma.41SLSP_UGE:991000781549705502</identifier><datestamp>2023-06-18T03:52:39Z</datestamp><setSpec>uge_bcen_RapidILL_BOOK</setSpec><setSpec>uge_aaca_RapidILL_BOOK</setSpec><setSpec>uge_abels_RapidILL_BOOK</setSpec><setSpec>uge_dbu_RapidILL_BOOK</setSpec><setSpec>uge_cmu_RapidILL_BOOK</setSpec><setSpec>uge_mail_RapidILL_BOOK</setSpec><setSpec>uge_abbat_RapidILL_BOOK</setSpec><setSpec>UNIGE_ALL</setSpec><setSpec>uge_acar_RapidILL_BOOK</setSpec><setSpec>uge_aobs_RapidILL_BOOK</setSpec></header><metadata>
<record xmlns="http://www.loc.gov/MARC21/slim" xmlns:xsi="http://www.w3.org/2001/XMLSchema-instance" xsi:schemaLocation="http://www.loc.gov/MARC21/slim http://www.loc.gov/standards/marcxml/schema/MARC21slim.xsd"><leader>03922nam a2200973 c 4500</leader><controlfield tag="001">991000781549705502</controlfield><controlfield tag="005">20230210182236.0</controlfield><controlfield tag="008">201011s2016    nmu      b||| 001 0 eng| </controlfield><datafield ind1=" " ind2=" " tag="010"><subfield code="a">2015016441</subfield></datafield><datafield ind1=" " ind2=" " tag="020"><subfield code="a">9780826356475</subfield><subfield code="q">cloth : alk. paper</subfield></datafield><datafield ind1=" " ind2=" " tag="020"><subfield code="a">0826356478</subfield><subfield code="q">cloth : alk. paper</subfield></datafield><datafield ind1=" " ind2=" " tag="020"><subfield code="a">0826356486</subfield><subfield code="q">pbk. : alk. paper</subfield></datafield><datafield ind1=" " ind2=" " tag="020"><subfield code="z">9780826356499</subfield><subfield code="q">electronic</subfield></datafield><datafield ind1=" " ind2=" " tag="020"><subfield code="a">9780826356482</subfield><subfield code="q">pbk. : alk. paper</subfield></datafield><datafield ind1="8" ind2=" " tag="024"><subfield code="a">40025856777</subfield></datafield><datafield ind1=" " ind2=" " tag="035"><subfield code="a">(swissbib)229663702-41slsp_network</subfield></datafield><datafield ind1=" " ind2=" " tag="035"><subfield code="a">229663702</subfield><subfield code="9">ExL</subfield></datafield><datafield ind1=" " ind2=" " tag="035"><subfield code="a">(NEBIS)010814129EBI01</subfield></datafield><datafield ind1=" " ind2=" " tag="035"><subfield code="a">(IDSBB)006668262DSV01</subfield></datafield><datafield ind1=" " ind2=" " tag="035"><subfield code="a">(RERO)R008385986-41slsp</subfield></datafield><datafield ind1=" " ind2=" " tag="035"><subfield code="a">(OCoLC)908448307</subfield></datafield><datafield ind1=" " ind2=" " tag="035"><subfield code="a">(EXLNZ-41SLSP_NETWORK)991087656679705501</subfield></datafield><datafield ind1=" " ind2=" " tag="040"><subfield code="a">DLC</subfield><subfield code="b">ger</subfield><subfield code="e">rda</subfield><subfield code="d">CH-ZuSLS</subfield></datafield><datafield ind1="1" ind2=" " tag="041"><subfield code="a">eng</subfield><subfield code="h">por</subfield></datafield><datafield ind1=" " ind2=" " tag="042"><subfield code="a">pcc</subfield></datafield><datafield ind1=" " ind2=" " tag="043"><subfield code="a">s-bl---</subfield><subfield code="a">nwcu---</subfield></datafield><datafield ind1="0" ind2="0" tag="050"><subfield code="a">HT1126</subfield><subfield code="b">.B4513 2016</subfield></datafield><datafield ind1=" " ind2="7" tag="072"><subfield code="a">ng</subfield><subfield code="2">SzZuIDS BS/BE</subfield></datafield><datafield ind1=" " ind2="7" tag="072"><subfield code="a">po</subfield><subfield code="2">SzZuIDS BS/BE</subfield></datafield><datafield ind1=" " ind2="7" tag="072"><subfield code="a">ht</subfield><subfield code="2">rero</subfield></datafield><datafield ind1=" " ind2="7" tag="072"><subfield code="a">sp</subfield><subfield code="2">rero</subfield></datafield><datafield ind1="0" ind2="0" tag="082"><subfield code="a">306.3/62098109034</subfield><subfield code="2">23</subfield></datafield><datafield ind1="1" ind2="4" tag="082"><subfield code="a">970</subfield><subfield code="2">15</subfield></datafield><datafield ind1="1" ind2="4" tag="082"><subfield code="a">980</subfield><subfield code="2">15</subfield></datafield><datafield ind1="1" ind2="4" tag="082"><subfield code="a">320</subfield><subfield code="2">15</subfield></datafield><datafield ind1="1" ind2="4" tag="082"><subfield code="a">900</subfield><subfield code="2">15</subfield></datafield><datafield ind1="1" ind2=" " tag="100"><subfield code="a">Marquese, Rafael de Bivar</subfield><subfield code="d">1972-</subfield><subfield code="6">880-01</subfield><subfield code="0">(DE-588)1057042587</subfield><subfield code="e">Verfasser</subfield><subfield code="4">aut</subfield></datafield><datafield ind1="1" ind2=" " tag="880"><subfield code="6">100-01</subfield><subfield code="a">Marquese, Rafael de Bivar</subfield><subfield code="d">1972-....</subfield><subfield code="0">(IDREF)101294050</subfield><subfield code="4">cre</subfield></datafield><datafield ind1="1" ind2="0" tag="240"><subfield code="a">Escravidão e política</subfield></datafield><datafield ind1="1" ind2="0" tag="245"><subfield code="a">Slavery and politics</subfield><subfield code="b">Brazil and Cuba, 1790-1850</subfield><subfield code="c">Rafael Marquese, Tâmis Parron, Márcia Berbel ; translated by Leonardo Marques</subfield></datafield><datafield ind1=" " ind2="1" tag="264"><subfield code="a">Albuquerque</subfield><subfield code="b">University of New Mexico Press</subfield><subfield code="c">[2016]</subfield></datafield><datafield ind1=" " ind2=" " tag="300"><subfield code="a">v, 362 Seiten</subfield></datafield><datafield ind1=" " ind2=" " tag="336"><subfield code="b">txt</subfield><subfield code="2">rdacontent</subfield></datafield><datafield ind1=" " ind2=" " tag="337"><subfield code="b">n</subfield><subfield code="2">rdamedia</subfield></datafield><datafield ind1=" " ind2=" " tag="338"><subfield code="b">nc</subfield><subfield code="2">rdacarrier</subfield></datafield><datafield ind1=" " ind2=" " tag="500"><subfield code="a">Übersetzung von &quot;Escravidão e política: Brasil e Cuba, c. 1790-1850&quot;</subfield></datafield><datafield ind1=" " ind2=" " tag="500"><subfield code="a">Translation of: Escravidão e política : Brasil e Cuba, c. 1790-1850</subfield></datafield><datafield ind1=" " ind2=" " tag="504"><subfield code="a">Literaturverzeichnis und Index</subfield></datafield><datafield ind1=" " ind2=" " tag="504"><subfield code="a">Includes bibliographical references (pages 313-350) and index</subfield></datafield><datafield ind1=" " ind2=" " tag="546"><subfield code="a">Übersetzung aus dem Portugiesischen</subfield></datafield><datafield ind1=" " ind2="7" tag="648"><subfield code="a">1800-1899</subfield><subfield code="2">fast</subfield></datafield><datafield ind1=" " ind2="7" tag="648"><subfield code="a">Geschichte 1790-1850</subfield><subfield code="2">gnd</subfield></datafield><datafield ind1=" " ind2="0" tag="650"><subfield code="a">Slavery</subfield><subfield code="z">Brazil</subfield><subfield code="x">History</subfield><subfield code="y">19th century</subfield></datafield><datafield ind1=" " ind2="0" tag="650"><subfield code="a">Slavery</subfield><subfield code="z">Cuba</subfield><subfield code="x">History</subfield><subfield code="y">19th century</subfield></datafield><datafield ind1=" " ind2="0" tag="650"><subfield code="a">Slavery</subfield><subfield code="x">Government policy</subfield><subfield code="z">Brazil</subfield></datafield><datafield ind1=" " ind2="0" tag="650"><subfield code="a">Slavery</subfield><subfield code="x">Government policy</subfield><subfield code="z">Cuba</subfield></datafield><datafield ind1=" " ind2="7" tag="650"><subfield code="a">Politics and government</subfield><subfield code="2">fast</subfield></datafield><datafield ind1=" " ind2="7" tag="650"><subfield code="a">Slavery</subfield><subfield code="2">fast</subfield></datafield><datafield ind1=" " ind2="7" tag="650"><subfield code="a">Slavery</subfield><subfield code="x">Government policy</subfield><subfield code="2">fast</subfield></datafield><datafield ind1=" " ind2="7" tag="650"><subfield code="a">Politik</subfield><subfield code="0">(DE-588)4046514-7</subfield><subfield code="2">gnd</subfield></datafield><datafield ind1=" " ind2="7" tag="650"><subfield code="a">Sklaverei</subfield><subfield code="0">(DE-588)4055260-3</subfield><subfield code="2">gnd</subfield></datafield><datafield ind1=" " ind2="7" tag="650"><subfield code="a">Esclavage</subfield><subfield code="0">(IDREF)027224295</subfield><subfield code="2">idref</subfield></datafield><datafield ind1=" " ind2="7" tag="650"><subfield code="a">Traite des esclaves</subfield><subfield code="0">(IDREF)027344762</subfield><subfield code="2">idref</subfield></datafield><datafield ind1=" " ind2="7" tag="650"><subfield code="a">Politique et gouvernement</subfield><subfield code="0">(IDREF)027728110</subfield><subfield code="2">idref</subfield></datafield><datafield ind1=" " ind2="7" tag="650"><subfield code="a">18e siècle (fin)-19e siècle (1re moitié)</subfield><subfield code="0">(RERO)A023081451</subfield><subfield code="2">rero</subfield></datafield><datafield ind1=" " ind2="0" tag="651"><subfield code="a">Brazil</subfield><subfield code="x">Politics and government</subfield><subfield code="y">19th century</subfield></datafield><datafield ind1=" " ind2="0" tag="651"><subfield code="a">Cuba</subfield><subfield code="x">Politics and government</subfield><subfield code="y">19th century</subfield></datafield><datafield ind1=" " ind2="7" tag="651"><subfield code="a">Brazil</subfield><subfield code="2">fast</subfield></datafield><datafield ind1=" " ind2="7" tag="651"><subfield code="a">Cuba</subfield><subfield code="2">fast</subfield></datafield><datafield ind1=" " ind2="7" tag="651"><subfield code="a">Brasilien</subfield><subfield code="0">(DE-588)4008003-1</subfield><subfield code="2">gnd</subfield></datafield><datafield ind1=" " ind2="7" tag="651"><subfield code="a">Kuba</subfield><subfield code="0">(DE-588)4033340-1</subfield><subfield code="2">gnd</subfield></datafield><datafield ind1=" " ind2="7" tag="651"><subfield code="a">Brésil</subfield><subfield code="0">(IDREF)02722953X</subfield><subfield code="2">idref</subfield></datafield><datafield ind1=" " ind2="7" tag="651"><subfield code="a">Cuba</subfield><subfield code="0">(IDREF)02725108X</subfield><subfield code="2">idref</subfield></datafield><datafield ind1=" " ind2="7" tag="651"><subfield code="a">Atlantique (région)</subfield><subfield code="0">(IDREF)032317670</subfield><subfield code="2">idref</subfield></datafield><datafield ind1=" " ind2="7" tag="655"><subfield code="a">History</subfield><subfield code="2">fast</subfield></datafield><datafield ind1="1" ind2=" " tag="700"><subfield code="6">880-04</subfield><subfield code="a">Parron, Tâmis</subfield><subfield code="0">(DE-588)1100910743</subfield><subfield code="4">aut</subfield></datafield><datafield ind1="1" ind2=" " tag="880"><subfield code="6">700-04/(B</subfield><subfield code="a">Parron, Tâmis</subfield><subfield code="0">(IDREF)168574462</subfield></datafield><datafield ind1="1" ind2=" " tag="700"><subfield code="a">Marques, Leonardo</subfield><subfield code="6">880-05</subfield><subfield code="0">(DE-588)141925957</subfield><subfield code="4">trl</subfield></datafield><datafield ind1="1" ind2=" " tag="880"><subfield code="6">700-05/(B</subfield><subfield code="a">Marques, Leonardo</subfield><subfield code="0">(IDREF)198213433</subfield></datafield><datafield ind1="1" ind2=" " tag="700"><subfield code="a">Berbel, Márcia Regina</subfield><subfield code="6">880-03</subfield><subfield code="0">(DE-588)105664107X</subfield><subfield code="4">aut</subfield></datafield><datafield ind1="1" ind2=" " tag="880"><subfield code="6">700-03</subfield><subfield code="a">Berbel, Márcia Regina</subfield><subfield code="0">(IDREF)199790310</subfield></datafield><datafield ind1="4" ind2=" " tag="856"><subfield code="3">Titelblatt und Inhaltsverzeichnis</subfield><subfield code="u">https://toc.library.ethz.ch/objects/pdf03/z01_978-0-8263-5647-5_01.pdf</subfield><subfield code="q">pdf</subfield></datafield><datafield ind1=" " ind2=" " tag="900"><subfield code="a">IDSZ2zbzmon201706f</subfield><subfield code="c">IDSZ2fran</subfield><subfield code="d">IDSZ2zbzswk201707b</subfield><subfield code="e">IDSZ2brue</subfield></datafield><datafield ind1=" " ind2=" " tag="900"><subfield code="a">REROnoselfmerge</subfield></datafield><datafield ind1=" " ind2=" " tag="949"><subfield code="a">https://toc.library.ethz.ch/objects/pdf03/z01_978-0-8263-5647-5_01.pdf</subfield></datafield></record>
</metadata></record>