<record><header><identifier>oai:alma.41SLSP_UGE:991000780929705502</identifier><datestamp>2023-03-04T01:19:37Z</datestamp><setSpec>uge_bcen_RapidILL_BOOK</setSpec><setSpec>uge_aaca_RapidILL_BOOK</setSpec><setSpec>uge_abels_RapidILL_BOOK</setSpec><setSpec>uge_dbu_RapidILL_BOOK</setSpec><setSpec>uge_cmu_RapidILL_BOOK</setSpec><setSpec>uge_mail_RapidILL_BOOK</setSpec><setSpec>uge_abbat_RapidILL_BOOK</setSpec><setSpec>UNIGE_ALL</setSpec><setSpec>uge_aobs_RapidILL_BOOK</setSpec><setSpec>uge_acar_RapidILL_BOOK</setSpec></header><metadata>
<record xmlns="http://www.loc.gov/MARC21/slim" xmlns:xsi="http://www.w3.org/2001/XMLSchema-instance" xsi:schemaLocation="http://www.loc.gov/MARC21/slim http://www.loc.gov/standards/marcxml/schema/MARC21slim.xsd"><leader>01454nam a2200361 c 4500</leader><controlfield tag="001">991000780929705502</controlfield><controlfield tag="005">20230303202442.0</controlfield><controlfield tag="008">890117s1988    it ||||| |||| 10| ||ita d</controlfield><datafield ind1=" " ind2=" " tag="020"><subfield code="a">8814015481</subfield></datafield><datafield ind1=" " ind2=" " tag="035"><subfield code="a">(swissbib)083419071-41slsp_network</subfield></datafield><datafield ind1=" " ind2=" " tag="035"><subfield code="a">083419071</subfield><subfield code="9">ExL</subfield></datafield><datafield ind1=" " ind2=" " tag="035"><subfield code="a">(RERO)1065835-41slsp</subfield></datafield><datafield ind1=" " ind2=" " tag="035"><subfield code="a">(EXLNZ-41SLSP_NETWORK)991019406639705501</subfield></datafield><datafield ind1=" " ind2=" " tag="040"><subfield code="a">RERO neubfd</subfield><subfield code="d">CH-ZuSLS</subfield></datafield><datafield ind1="0" ind2=" " tag="041"><subfield code="a">ita</subfield><subfield code="a">eng</subfield><subfield code="a">fre</subfield><subfield code="a">spa</subfield></datafield><datafield ind1=" " ind2="7" tag="072"><subfield code="a">dr</subfield><subfield code="2">rero</subfield></datafield><datafield ind1=" " ind2=" " tag="084"><subfield code="a">A 55.1 g</subfield><subfield code="2">cjurrom</subfield></datafield><datafield ind1=" " ind2=" " tag="084"><subfield code="a">A 55.1 e</subfield><subfield code="2">cjurrom</subfield></datafield><datafield ind1=" " ind2=" " tag="084"><subfield code="a">A 12 e</subfield><subfield code="2">cjurrom</subfield></datafield><datafield ind1="0" ind2="0" tag="245"><subfield code="a">Modelli di democrazia industriale e sindacale</subfield><subfield code="c">a cura di Alessandro Anastasi</subfield></datafield><datafield ind1=" " ind2="1" tag="264"><subfield code="a">Milano</subfield><subfield code="b">A. Giuffrè</subfield><subfield code="c">1988</subfield></datafield><datafield ind1=" " ind2=" " tag="300"><subfield code="a">2 vol. (VI, 657, VIII, 255 p.)</subfield><subfield code="c">26 cm</subfield></datafield><datafield ind1=" " ind2=" " tag="336"><subfield code="b">txt</subfield><subfield code="2">rdacontent</subfield></datafield><datafield ind1=" " ind2=" " tag="337"><subfield code="b">n</subfield><subfield code="2">rdamedia</subfield></datafield><datafield ind1=" " ind2=" " tag="338"><subfield code="b">nc</subfield><subfield code="2">rdacarrier</subfield></datafield><datafield ind1="1" ind2=" " tag="490"><subfield code="a">Università di Messina, Facoltà di economia e commercio, Istituto di diritto commerciale e del lavoro</subfield><subfield code="v">11</subfield></datafield><datafield ind1=" " ind2="7" tag="650"><subfield code="a">Droit du travail</subfield><subfield code="0">(IDREF)050573063</subfield><subfield code="2">idref</subfield></datafield><datafield ind1=" " ind2="7" tag="650"><subfield code="a">Participation des travailleurs</subfield><subfield code="0">(IDREF)027793567</subfield><subfield code="2">idref</subfield></datafield><datafield ind1=" " ind2="7" tag="650"><subfield code="a">Droit comparé</subfield><subfield code="0">(IDREF)027741451</subfield><subfield code="2">idref</subfield></datafield><datafield ind1=" " ind2="7" tag="655"><subfield code="a">Actes de congrès</subfield><subfield code="0">(IDREF)02886431X</subfield><subfield code="2">idref</subfield></datafield><datafield ind1="1" ind2=" " tag="700"><subfield code="a">Anastasi, Alessandro</subfield><subfield code="0">(IDREF)07612942X</subfield></datafield><datafield ind1="2" ind2=" " tag="711"><subfield code="a">European meeting on new trends in labour law</subfield><subfield code="n">1</subfield><subfield code="c">Messina</subfield><subfield code="0">(RERO)A012512519</subfield></datafield><datafield ind1=" " ind2=" " tag="830"><subfield code="a">Università di Messina, Facoltà di economia e commercio, Istituto di diritto commerciale e del lavoro</subfield><subfield code="v">11</subfield><subfield code="w">(RERO)1065819-41slsp</subfield></datafield><datafield ind1=" " ind2=" " tag="900"><subfield code="a">REROnoselfmerge</subfield></datafield></record>
</metadata></record>