<record><header><identifier>oai:alma.41SLSP_UGE:991000781449705502</identifier><datestamp>2024-10-17T00:10:23Z</datestamp><setSpec>uge_bcen_RapidILL_BOOK</setSpec><setSpec>uge_aaca_RapidILL_BOOK</setSpec><setSpec>uge_abels_RapidILL_BOOK</setSpec><setSpec>uge_dbu_RapidILL_BOOK</setSpec><setSpec>uge_cmu_RapidILL_BOOK</setSpec><setSpec>uge_mail_RapidILL_BOOK</setSpec><setSpec>uge_abbat_RapidILL_BOOK</setSpec><setSpec>UNIGE_ALL</setSpec><setSpec>uge_aobs_RapidILL_BOOK</setSpec><setSpec>uge_acar_RapidILL_BOOK</setSpec></header><metadata>
<record xmlns="http://www.loc.gov/MARC21/slim" xmlns:xsi="http://www.w3.org/2001/XMLSchema-instance" xsi:schemaLocation="http://www.loc.gov/MARC21/slim http://www.loc.gov/standards/marcxml/schema/MARC21slim.xsd"><leader>01898nam a2200493 ca4500</leader><controlfield tag="001">991000781449705502</controlfield><controlfield tag="005">20241016193650.0</controlfield><controlfield tag="008">201012m19711972gw ||||| |||| 00| ||ger d</controlfield><datafield ind1=" " ind2=" " tag="020"><subfield code="a">3774004021</subfield><subfield code="c">(Band 1)</subfield></datafield><datafield ind1=" " ind2=" " tag="020"><subfield code="a">377400403X</subfield><subfield code="c">(Band 2)</subfield></datafield><datafield ind1=" " ind2=" " tag="035"><subfield code="a">(swissbib)240976002-41slsp_network</subfield></datafield><datafield ind1=" " ind2=" " tag="035"><subfield code="a">240976002</subfield><subfield code="9">ExL</subfield></datafield><datafield ind1=" " ind2=" " tag="035"><subfield code="a">(RERO)0876581-41slsp</subfield></datafield><datafield ind1=" " ind2=" " tag="035"><subfield code="a">(IDSBB)000416887DSV01</subfield></datafield><datafield ind1=" " ind2=" " tag="035"><subfield code="a">(NEBIS)004658278EBI01</subfield></datafield><datafield ind1=" " ind2=" " tag="035"><subfield code="a">(IDSLU)000014787ILU01</subfield></datafield><datafield ind1=" " ind2=" " tag="035"><subfield code="a">(ABN)000417937ABN01</subfield></datafield><datafield ind1=" " ind2=" " tag="035"><subfield code="a">(EXLNZ-41SLSP_NETWORK)991129036579705501</subfield></datafield><datafield ind1=" " ind2=" " tag="040"><subfield code="a">RERO geulal</subfield><subfield code="d">CH-ZuSLS</subfield></datafield><datafield ind1=" " ind2="7" tag="072"><subfield code="a">al</subfield><subfield code="2">rero</subfield></datafield><datafield ind1=" " ind2="7" tag="072"><subfield code="a">nd</subfield><subfield code="2">SzZuIDS BS/BE</subfield></datafield><datafield ind1=" " ind2="7" tag="072"><subfield code="a">510</subfield><subfield code="2">IDS LU</subfield></datafield><datafield ind1="0" ind2="4" tag="082"><subfield code="a">830</subfield></datafield><datafield ind1="0" ind2="4" tag="082"><subfield code="a">830.9</subfield><subfield code="b">M468de</subfield></datafield><datafield ind1="1" ind2="4" tag="082"><subfield code="a">830</subfield><subfield code="2">15</subfield></datafield><datafield ind1="0" ind2="0" tag="245"><subfield code="a">Deutsche Literaturkritik der Gegenwart</subfield><subfield code="b">Vorkrieg, Zweiter Weltkrieg und zweite Nachkriegszeit (1933-1968)</subfield><subfield code="c">hrsg. von Hans Mayer</subfield></datafield><datafield ind1=" " ind2="1" tag="264"><subfield code="a">Stuttgart</subfield><subfield code="b">Goverts</subfield><subfield code="c">1971-1972</subfield></datafield><datafield ind1=" " ind2=" " tag="300"><subfield code="a">2 Bd. (606 S.; 604 S.)</subfield><subfield code="c">18 cm</subfield></datafield><datafield ind1=" " ind2=" " tag="336"><subfield code="b">txt</subfield><subfield code="2">rdacontent</subfield></datafield><datafield ind1=" " ind2=" " tag="337"><subfield code="b">n</subfield><subfield code="2">rdamedia</subfield></datafield><datafield ind1=" " ind2=" " tag="338"><subfield code="b">nc</subfield><subfield code="2">rdacarrier</subfield></datafield><datafield ind1="1" ind2=" " tag="490"><subfield code="a">Meisterwerke deutscher Literaturkritik</subfield><subfield code="v">Bd. 4</subfield></datafield><datafield ind1="1" ind2=" " tag="490"><subfield code="a">Neue Bibliothek der Weltliteratur</subfield></datafield><datafield ind1=" " ind2=" " tag="500"><subfield code="a">Folgeband von: Deutsche Literaturkritik im zwanzigsten Jahrhundert</subfield></datafield><datafield ind1=" " ind2=" " tag="500"><subfield code="a">Zählung auf Umschlag: 4,1 und 4,2</subfield></datafield><datafield ind1=" " ind2="0" tag="650"><subfield code="a">Criticism</subfield><subfield code="z">Germany</subfield></datafield><datafield ind1=" " ind2="0" tag="650"><subfield code="a">German literature</subfield><subfield code="y">20th century</subfield></datafield><datafield ind1=" " ind2=" " tag="690"><subfield code="a">Deutsche Literatur / Geschichte, Kritik / Einzelne Zeiträume / 19. Jahrhundert / 1950- ersch.</subfield><subfield code="2">uzb-Z9</subfield></datafield><datafield ind1=" " ind2=" " tag="690"><subfield code="a">Literaturkritik, deutsche. Geschichte. 20. Jh. 1933/68</subfield><subfield code="2">rzs-L1</subfield></datafield><datafield ind1="1" ind2=" " tag="700"><subfield code="a">Mayer, Hans</subfield><subfield code="d">1907-2001</subfield><subfield code="0">(DE-588)118579568</subfield><subfield code="6">880-02</subfield></datafield><datafield ind1="1" ind2=" " tag="880"><subfield code="6">700-02</subfield><subfield code="a">Mayer, Hans</subfield><subfield code="d">1907-2001</subfield><subfield code="0">(IDREF)030856620</subfield></datafield><datafield ind1=" " ind2=" " tag="830"><subfield code="a">Neue Bibliothek der Welt Literatur</subfield><subfield code="w">(RERO)0042740-41slsp</subfield></datafield><datafield ind1=" " ind2=" " tag="830"><subfield code="a">Meisterwerke deutscher Literaturkritik</subfield><subfield code="v">4</subfield><subfield code="w">(IDSBB)000416881DSV01</subfield></datafield><datafield ind1=" " ind2=" " tag="900"><subfield code="a">REROnoselfmerge</subfield></datafield><datafield ind1=" " ind2=" " tag="900"><subfield code="a">IDSZ2mugmon201102l</subfield><subfield code="c">IDSZ2kard</subfield></datafield></record>
</metadata></record>