<record><header><identifier>oai:alma.41SLSP_UGE:991000781139705502</identifier><datestamp>2024-04-05T00:24:26Z</datestamp><setSpec>uge_bcen_RapidILL_BOOK</setSpec><setSpec>uge_aaca_RapidILL_BOOK</setSpec><setSpec>uge_abels_RapidILL_BOOK</setSpec><setSpec>uge_dbu_RapidILL_BOOK</setSpec><setSpec>uge_cmu_RapidILL_BOOK</setSpec><setSpec>uge_mail_RapidILL_BOOK</setSpec><setSpec>uge_abbat_RapidILL_BOOK</setSpec><setSpec>UNIGE_ALL</setSpec><setSpec>uge_acar_RapidILL_BOOK</setSpec><setSpec>uge_aobs_RapidILL_BOOK</setSpec></header><metadata>
<record xmlns="http://www.loc.gov/MARC21/slim" xmlns:xsi="http://www.w3.org/2001/XMLSchema-instance" xsi:schemaLocation="http://www.loc.gov/MARC21/slim http://www.loc.gov/standards/marcxml/schema/MARC21slim.xsd"><leader>03001nam a2200409 c 4500</leader><controlfield tag="001">991000781139705502</controlfield><controlfield tag="005">20240404162929.0</controlfield><controlfield tag="008">201012s1999    sz            00| | ger  </controlfield><datafield ind1=" " ind2=" " tag="020"><subfield code="c">Fr. 20.-</subfield></datafield><datafield ind1=" " ind2=" " tag="035"><subfield code="a">(swissbib)233617213-41slsp_network</subfield></datafield><datafield ind1=" " ind2=" " tag="035"><subfield code="a">233617213</subfield><subfield code="9">ExL</subfield></datafield><datafield ind1=" " ind2=" " tag="035"><subfield code="a">(IDSSG)000223035HSB01</subfield></datafield><datafield ind1=" " ind2=" " tag="035"><subfield code="a">(RERO)R272287760-41slsp</subfield></datafield><datafield ind1=" " ind2=" " tag="035"><subfield code="a">(EXLNZ-41SLSP_NETWORK)991136009269705501</subfield></datafield><datafield ind1=" " ind2=" " tag="040"><subfield code="a">SzZuIDS HSG</subfield><subfield code="b">ger</subfield><subfield code="e">kids</subfield><subfield code="d">CH-ZuSLS</subfield></datafield><datafield ind1=" " ind2=" " tag="044"><subfield code="a">sz</subfield><subfield code="c">ch-gr</subfield></datafield><datafield ind1=" " ind2="7" tag="072"><subfield code="a">dr</subfield><subfield code="2">rero</subfield></datafield><datafield ind1="7" ind2="4" tag="082"><subfield code="a">340</subfield><subfield code="2">23sdnb</subfield></datafield><datafield ind1=" " ind2=" " tag="084"><subfield code="a">CA/CH-GR 9 b</subfield><subfield code="2">cjurrom</subfield></datafield><datafield ind1="0" ind2="0" tag="245"><subfield code="a">Verwesentlichung und Flexibilisierung der Rechtsetzung und Rechtsanwendung (VFRR)</subfield><subfield code="b">geltendes Recht</subfield><subfield code="c">Kanton Graubünden</subfield></datafield><datafield ind1=" " ind2="1" tag="264"><subfield code="a">Chur</subfield><subfield code="b">Drucksachen- und Materialzentrale</subfield><subfield code="c">1999</subfield></datafield><datafield ind1=" " ind2=" " tag="300"><subfield code="a">359 S.</subfield><subfield code="c">22 cm</subfield></datafield><datafield ind1=" " ind2=" " tag="336"><subfield code="b">txt</subfield><subfield code="2">rdacontent</subfield></datafield><datafield ind1=" " ind2=" " tag="337"><subfield code="b">n</subfield><subfield code="2">rdamedia</subfield></datafield><datafield ind1=" " ind2=" " tag="338"><subfield code="b">nc</subfield><subfield code="2">rdacarrier</subfield></datafield><datafield ind1=" " ind2="7" tag="650"><subfield code="a">Droit</subfield><subfield code="0">(IDREF)027466868</subfield><subfield code="2">idref</subfield></datafield><datafield ind1=" " ind2="7" tag="651"><subfield code="a">Grisons (Suisse)</subfield><subfield code="0">(IDREF)027228517</subfield><subfield code="2">idref</subfield></datafield><datafield ind1=" " ind2="7" tag="655"><subfield code="a">[texte législatif]</subfield><subfield code="2">rerovoc</subfield><subfield code="0">(RERO)A009950157</subfield></datafield><datafield ind1=" " ind2=" " tag="690"><subfield code="a">Bundesgesetz; Einführungsgesetz; Vorschrift; Bayerischer Rundfunk; Gesetzbuch; Beschluss; Unfallversicherung; landwirtschaftliche Versicherung</subfield><subfield code="2">idssg-J</subfield></datafield><datafield ind1=" " ind2=" " tag="690"><subfield code="a">Großratsbeschluss; Vollziehungsverordnung; Großratsverordnung; Enteignungsgesetz; Filmverordnung; Fischereigesetz; Gemeindegesetz; Landwirtschaftsverordnung; Viehversicherungsverordnung; Waldgesetz; Gebäudeversicherung; Erdbebenversicherung; Tuberkuloseversicherung; Rechtsanwendung; Rechtsetzung; Bürgschaftsgenossenschaft; Feuerpolizei; Forstdépartement; Militärdépartement; Militärorganisation; Sanitätsdépartement; Staatspersonal; Umweltschutzdépartement; Adelsbezeichnung; Ausführungsbestimmung; Beitragsanteil; Dienstverhältnis; Feuerwehrwesen; Frachtstück; Gewichtsbezeichnung; Kantonsbeitrag; Korporationsvermögen; Planungsstelle; Sammelwesen; Skisportwesen; Tierabsatz; Veredelungserzeugnis; Zivilgesetzbuch</subfield><subfield code="2">idssg-J</subfield></datafield><datafield ind1=" " ind2=" " tag="690"><subfield code="a">dazugehörig Verordnungena; dazugehörige Verordnung; amtlicher Verkehr; behindert Bayerischer Rundfunk; bestimmtes Frachtstück; bündnerisches Staatspersonal; dazugehörig Vollziehungverordnung; dazugehörige Großratsverordnung; dazugehörige Vollziehungsverordnung; gewerbliche Bürgschaftsgenossenschaft; grossrätlich Verordnungena; grossrätliche Verordnung; kantonal Flössordnung; kantonale Planungsstelle; kantonales Waldgesetz; politische Gemeinde; schweizerische Eidgenossenschaft; schweizerischer Pool; schweizerisches Zivilgesetzbuch</subfield><subfield code="2">idssg-J</subfield></datafield><datafield ind1=" " ind2=" " tag="690"><subfield code="a">China C9CHIN; Schweiz C4EXSI; Frankreich C4EUFR</subfield><subfield code="2">idssg-J</subfield></datafield><datafield ind1=" " ind2=" " tag="690"><subfield code="a">Kanton Graubünden BR803; Sammelwesen BR; Skisportwesen BR</subfield><subfield code="2">idssg-J</subfield></datafield><datafield ind1="1" ind2=" " tag="710"><subfield code="a">Graubünden</subfield><subfield code="b">Regierung</subfield><subfield code="0">(RERO)A003315616</subfield></datafield><datafield ind1="1" ind2="2" tag="710"><subfield code="a">Graubünden</subfield><subfield code="t">Lois et arrêtés</subfield></datafield><datafield ind1="1" ind2=" " tag="710"><subfield code="a">Graubünden</subfield><subfield code="0">(DE-588)4021881-8</subfield></datafield><datafield ind1="4" ind2=" " tag="856"><subfield code="u">https://tools.unisg.ch/url/hm00020268</subfield><subfield code="z">Inhaltsverzeichnis</subfield></datafield><datafield ind1=" " ind2=" " tag="949"><subfield code="a">https://tools.unisg.ch/url/hm00020268</subfield></datafield></record>
</metadata></record>