<record><header><identifier>oai:alma.41SLSP_UGE:991000781659705502</identifier><datestamp>2023-03-01T01:10:14Z</datestamp><setSpec>uge_cmu_RapidILL_JOURNAL</setSpec><setSpec>uge_aobs_RapidILL_JOURNAL</setSpec><setSpec>uge_aaca_RapidILL_JOURNAL</setSpec><setSpec>uge_bcen_RapidILL_JOURNAL</setSpec><setSpec>uge_abbat_RapidILL_JOURNAL</setSpec><setSpec>uge_mail_RapidILL_JOURNAL</setSpec><setSpec>uge_dbu_RapidILL_JOURNAL</setSpec><setSpec>UNIGE_ALL</setSpec><setSpec>uge_abels_RapidILL_JOURNAL</setSpec><setSpec>uge_acar_RapidILL_JOURNAL</setSpec></header><metadata>
<record xmlns="http://www.loc.gov/MARC21/slim" xmlns:xsi="http://www.w3.org/2001/XMLSchema-instance" xsi:schemaLocation="http://www.loc.gov/MARC21/slim http://www.loc.gov/standards/marcxml/schema/MARC21slim.xsd"><leader>01409nas a2200421 c 4500</leader><controlfield tag="001">991000781659705502</controlfield><controlfield tag="005">20201229223431.0</controlfield><controlfield tag="008">201011d19371978xxu|| p|  ||| 0    0eng d</controlfield><datafield ind1=" " ind2=" " tag="022"><subfield code="a">0002-9467</subfield></datafield><datafield ind1=" " ind2=" " tag="035"><subfield code="a">(swissbib)215462912-41slsp_network</subfield></datafield><datafield ind1=" " ind2=" " tag="035"><subfield code="a">215462912</subfield><subfield code="9">ExL</subfield></datafield><datafield ind1=" " ind2=" " tag="035"><subfield code="a">(RERO)R004306458-41slsp</subfield></datafield><datafield ind1=" " ind2=" " tag="035"><subfield code="a">(IDSBB)000013309DSV01</subfield></datafield><datafield ind1=" " ind2=" " tag="035"><subfield code="a">(EXLNZ-41SLSP_NETWORK)991046284509705501</subfield></datafield><datafield ind1=" " ind2=" " tag="040"><subfield code="a">RERO geucmu</subfield><subfield code="d">CH-ZuSLS</subfield></datafield><datafield ind1=" " ind2="7" tag="072"><subfield code="a">me</subfield><subfield code="2">rero</subfield></datafield><datafield ind1=" " ind2="7" tag="072"><subfield code="a">pm</subfield><subfield code="2">SzZuIDS BS/BE</subfield></datafield><datafield ind1="1" ind2="4" tag="082"><subfield code="a">615</subfield><subfield code="2">15</subfield></datafield><datafield ind1="1" ind2="0" tag="210"><subfield code="a">Am J Pharm Sci Support Public Health</subfield></datafield><datafield ind1="0" ind2="0" tag="245"><subfield code="a">American journal of pharmacy and the sciences supporting public health</subfield></datafield><datafield ind1="1" ind2=" " tag="246"><subfield code="a">Pharmacy management</subfield></datafield><datafield ind1=" " ind2="1" tag="264"><subfield code="a">Philadelphia</subfield><subfield code="b">Philadelphia College of Pharmacy and Science</subfield></datafield><datafield ind1=" " ind2=" " tag="300"><subfield code="c">25 cm</subfield></datafield><datafield ind1=" " ind2=" " tag="310"><subfield code="a">Bimonthly</subfield></datafield><datafield ind1=" " ind2=" " tag="336"><subfield code="b">txt</subfield><subfield code="2">rdacontent</subfield></datafield><datafield ind1=" " ind2=" " tag="337"><subfield code="b">n</subfield><subfield code="2">rdamedia</subfield></datafield><datafield ind1=" " ind2=" " tag="338"><subfield code="b">nc</subfield><subfield code="2">rdacarrier</subfield></datafield><datafield ind1="0" ind2=" " tag="362"><subfield code="a">v. 109-150; Jan. 1937-Nov./Dec. 1978.</subfield></datafield><datafield ind1=" " ind2=" " tag="500"><subfield code="a">Vol. 151(1979)-152(1982) unter dem Titel: Pharmacy management</subfield></datafield><datafield ind1=" " ind2=" " tag="580"><subfield code="a">Fait suite à: American journal of pharmacy</subfield></datafield><datafield ind1=" " ind2=" " tag="580"><subfield code="a">Devient: PM. Pharmacy management</subfield></datafield><datafield ind1=" " ind2="2" tag="650"><subfield code="a">Pharmacology</subfield></datafield><datafield ind1=" " ind2="2" tag="650"><subfield code="a">Pharmacy</subfield></datafield><datafield ind1=" " ind2="2" tag="655"><subfield code="a">Periodical</subfield></datafield><datafield ind1=" " ind2="7" tag="655"><subfield code="a">Zeitschrift</subfield><subfield code="2">gnd-content</subfield></datafield><datafield ind1="0" ind2="0" tag="780"><subfield code="t">American journal of pharmacy</subfield><subfield code="w">(RERO)R003391503-41slsp</subfield></datafield><datafield ind1="0" ind2="0" tag="785"><subfield code="t">PM. Pharmacy management</subfield></datafield><datafield ind1="0" ind2="0" tag="780"><subfield code="t">American journal of pharmacy</subfield><subfield code="w">(IDSBB)000011436DSV01</subfield></datafield><datafield ind1=" " ind2=" " tag="900"><subfield code="a">REROnoselfmerge</subfield></datafield></record>
</metadata></record>