<record><header><identifier>oai:alma.41SLSP_UGE:991000781329705502</identifier><datestamp>2024-03-09T01:36:36Z</datestamp><setSpec>uge_bcen_RapidILL_BOOK</setSpec><setSpec>uge_aaca_RapidILL_BOOK</setSpec><setSpec>uge_abels_RapidILL_BOOK</setSpec><setSpec>uge_dbu_RapidILL_BOOK</setSpec><setSpec>uge_cmu_RapidILL_BOOK</setSpec><setSpec>uge_mail_RapidILL_BOOK</setSpec><setSpec>uge_abbat_RapidILL_BOOK</setSpec><setSpec>UNIGE_ALL</setSpec><setSpec>uge_acar_RapidILL_BOOK</setSpec><setSpec>uge_aobs_RapidILL_BOOK</setSpec></header><metadata>
<record xmlns="http://www.loc.gov/MARC21/slim" xmlns:xsi="http://www.w3.org/2001/XMLSchema-instance" xsi:schemaLocation="http://www.loc.gov/MARC21/slim http://www.loc.gov/standards/marcxml/schema/MARC21slim.xsd"><leader>02879nam a2200697 c 4500</leader><controlfield tag="001">991000781329705502</controlfield><controlfield tag="005">20240308055143.0</controlfield><controlfield tag="008">201011s1967    sz ||||| |||| 00| ||ger d</controlfield><datafield ind1=" " ind2=" " tag="035"><subfield code="a">(swissbib)21341385X-41slsp_network</subfield></datafield><datafield ind1=" " ind2=" " tag="035"><subfield code="a">21341385X</subfield><subfield code="9">ExL</subfield></datafield><datafield ind1=" " ind2=" " tag="035"><subfield code="a">(RERO)0137494-41slsp</subfield></datafield><datafield ind1=" " ind2=" " tag="035"><subfield code="a">(IDSBB)000455924DSV01</subfield></datafield><datafield ind1=" " ind2=" " tag="035"><subfield code="a">(IDSLU)000792197ILU01</subfield></datafield><datafield ind1=" " ind2=" " tag="035"><subfield code="a">(NEBIS)003202184EBI01</subfield></datafield><datafield ind1=" " ind2=" " tag="035"><subfield code="a">(ABN)000289210ABN01</subfield></datafield><datafield ind1=" " ind2=" " tag="035"><subfield code="a">(EXLNZ-41SLSP_NETWORK)991108635939705501</subfield></datafield><datafield ind1=" " ind2=" " tag="040"><subfield code="a">RERO</subfield><subfield code="d">CH-ZuSLS</subfield></datafield><datafield ind1=" " ind2="7" tag="072"><subfield code="a">ar</subfield><subfield code="2">rero</subfield></datafield><datafield ind1=" " ind2="7" tag="072"><subfield code="a">hm</subfield><subfield code="2">rero</subfield></datafield><datafield ind1=" " ind2="7" tag="072"><subfield code="a">ga</subfield><subfield code="2">SzZuIDS BS/BE</subfield></datafield><datafield ind1="1" ind2=" " tag="080"><subfield code="a">904&quot;04/14&quot;(4CH):739</subfield></datafield><datafield ind1="0" ind2="4" tag="082"><subfield code="a">739.09494</subfield></datafield><datafield ind1="1" ind2="4" tag="082"><subfield code="a">900</subfield><subfield code="2">15</subfield></datafield><datafield ind1="1" ind2=" " tag="100"><subfield code="a">Moosbrugger-Leu, Rudolf</subfield><subfield code="d">1923-2011</subfield><subfield code="0">(DE-588)1109088663</subfield><subfield code="6">880-01</subfield></datafield><datafield ind1="1" ind2=" " tag="880"><subfield code="6">100-01</subfield><subfield code="a">Moosbrugger-Leu, Rudolf</subfield><subfield code="d">1923-2011</subfield><subfield code="0">(IDREF)125933150</subfield><subfield code="4">cre</subfield></datafield><datafield ind1="1" ind2="0" tag="245"><subfield code="a">&lt;&lt;Die&gt;&gt; frühmittelalterlichen Gürtelbeschläge der Schweiz</subfield><subfield code="b">ein Beitrag zur Geschichte der Besiedlung der Schweiz durch die Burgunder und Alamannen</subfield><subfield code="c">von Rudolf Moosbrugger-Leu</subfield></datafield><datafield ind1=" " ind2="1" tag="264"><subfield code="a">Basel</subfield><subfield code="b">Birkhäuser</subfield><subfield code="c">1967</subfield></datafield><datafield ind1=" " ind2=" " tag="300"><subfield code="a">215 p.</subfield><subfield code="b">fig. en noir</subfield><subfield code="c">31 cm</subfield><subfield code="e">1 pl. dépl.</subfield></datafield><datafield ind1=" " ind2=" " tag="336"><subfield code="b">txt</subfield><subfield code="2">rdacontent</subfield></datafield><datafield ind1=" " ind2=" " tag="337"><subfield code="b">n</subfield><subfield code="2">rdamedia</subfield></datafield><datafield ind1=" " ind2=" " tag="338"><subfield code="b">nc</subfield><subfield code="2">rdacarrier</subfield></datafield><datafield ind1="1" ind2=" " tag="490"><subfield code="a">Monographien zur Ur- und Fruehgeschichte der Schweiz</subfield><subfield code="v">Bd 14</subfield></datafield><datafield ind1=" " ind2=" " tag="502"><subfield code="a">Zugl.: Diss. phil.-hist. Basel, 1967</subfield></datafield><datafield ind1=" " ind2="4" tag="648"><subfield code="a">Geschichte 400-800</subfield></datafield><datafield ind1=" " ind2="7" tag="648"><subfield code="a">Geschichte 400-800</subfield><subfield code="2">gnd</subfield></datafield><datafield ind1=" " ind2="7" tag="650"><subfield code="a">Burgonde (peuple)</subfield><subfield code="0">(RERO)A009955231</subfield><subfield code="2">rerovoc</subfield></datafield><datafield ind1=" " ind2="7" tag="650"><subfield code="a">Moyen-Âge (Haut)</subfield><subfield code="0">(RERO)A009950766</subfield><subfield code="2">rerovoc</subfield></datafield><datafield ind1=" " ind2="7" tag="650"><subfield code="a">Alaman (peuple)</subfield><subfield code="0">(RERO)A009955225</subfield><subfield code="2">rerovoc</subfield></datafield><datafield ind1=" " ind2="7" tag="650"><subfield code="a">Ceintures</subfield><subfield code="0">(IDREF)027635228</subfield><subfield code="2">idref</subfield></datafield><datafield ind1=" " ind2="4" tag="650"><subfield code="a">Gürtelbeschlag</subfield></datafield><datafield ind1=" " ind2="4" tag="650"><subfield code="a">Siedlung</subfield></datafield><datafield ind1=" " ind2="7" tag="650"><subfield code="a">Gürtelbeschlag</subfield><subfield code="0">(DE-588)4158509-4</subfield><subfield code="2">gnd</subfield></datafield><datafield ind1=" " ind2="7" tag="650"><subfield code="a">Siedlung</subfield><subfield code="0">(DE-588)4054858-2</subfield><subfield code="2">gnd</subfield></datafield><datafield ind1=" " ind2="0" tag="650"><subfield code="a">Alemanni (Germanic people)</subfield></datafield><datafield ind1=" " ind2="0" tag="650"><subfield code="a">Burgundians</subfield></datafield><datafield ind1=" " ind2="0" tag="650"><subfield code="a">Clasps</subfield></datafield><datafield ind1=" " ind2="7" tag="651"><subfield code="a">Suisse</subfield><subfield code="0">(IDREF)027249654</subfield><subfield code="2">idref</subfield></datafield><datafield ind1=" " ind2="4" tag="651"><subfield code="a">Schweiz</subfield></datafield><datafield ind1=" " ind2="7" tag="651"><subfield code="a">Schweiz</subfield><subfield code="0">(DE-588)4053881-3</subfield><subfield code="2">gnd</subfield></datafield><datafield ind1=" " ind2="0" tag="651"><subfield code="a">Switzerland</subfield><subfield code="x">Antiquities</subfield></datafield><datafield ind1=" " ind2="7" tag="655"><subfield code="a">Hochschulschrift</subfield><subfield code="2">gnd-content</subfield></datafield><datafield ind1=" " ind2=" " tag="690"><subfield code="a">Altertumskunde. Schweiz, B: Gürtelbeschläge. M.A.</subfield><subfield code="2">rzs-L1</subfield></datafield><datafield ind1=" " ind2=" " tag="690"><subfield code="a">Gürtelbeschläge. Schweiz. M.A.</subfield><subfield code="2">rzs-L1</subfield></datafield><datafield ind1=" " ind2=" " tag="690"><subfield code="a">Schweiz. Geschichte. M.A. 5/7. Jh., B: Besiedlung Burgunder/Alamannen</subfield><subfield code="2">rzs-L1</subfield></datafield><datafield ind1=" " ind2=" " tag="690"><subfield code="a">Siedlung. Schweiz. Geschichte. M.A. 5/7. Jh., B: Burgunder &amp; Alamannen</subfield><subfield code="2">rzs-L1</subfield></datafield><datafield ind1=" " ind2=" " tag="690"><subfield code="a">Gürtel</subfield><subfield code="2">uzb-Z9</subfield></datafield><datafield ind1=" " ind2=" " tag="690"><subfield code="a">Schweiz / Archäologie / 1900- ersch.</subfield><subfield code="2">uzb-Z9</subfield></datafield><datafield ind1=" " ind2="0" tag="830"><subfield code="a">Monographien zur Ur- und Frühgeschichte der Schweiz</subfield><subfield code="v">14</subfield><subfield code="w">(IDSBB)000069478DSV01</subfield></datafield><datafield ind1=" " ind2="0" tag="830"><subfield code="a">Monographien zur Ur- und Frühgeschichte der Schweiz</subfield><subfield code="v">14</subfield><subfield code="w">(IDSLU)000129615ILU01</subfield></datafield><datafield ind1=" " ind2="0" tag="830"><subfield code="a">Monographien zur Ur- und Frühgeschichte der Schweiz</subfield><subfield code="v">14</subfield><subfield code="w">(RERO)0057310-41slsp</subfield></datafield><datafield ind1=" " ind2=" " tag="900"><subfield code="a">REROnoselfmerge</subfield></datafield><datafield ind1=" " ind2=" " tag="900"><subfield code="a">IDSZRMedeaZBZ</subfield></datafield><datafield ind1=" " ind2=" " tag="993"><subfield code="a">BFLB 25823</subfield><subfield code="x">ge/ulha/d/06/0320</subfield><subfield code="9">LOCAL</subfield></datafield></record>
</metadata></record>