<record><header><identifier>oai:alma.41SLSP_UGE:991000781539705502</identifier><datestamp>2023-04-08T00:11:07Z</datestamp><setSpec>uge_bcen_RapidILL_BOOK</setSpec><setSpec>uge_aaca_RapidILL_BOOK</setSpec><setSpec>uge_abels_RapidILL_BOOK</setSpec><setSpec>uge_dbu_RapidILL_BOOK</setSpec><setSpec>uge_cmu_RapidILL_BOOK</setSpec><setSpec>uge_mail_RapidILL_BOOK</setSpec><setSpec>uge_abbat_RapidILL_BOOK</setSpec><setSpec>UNIGE_ALL</setSpec><setSpec>uge_acar_RapidILL_BOOK</setSpec><setSpec>uge_aobs_RapidILL_BOOK</setSpec></header><metadata>
<record xmlns="http://www.loc.gov/MARC21/slim" xmlns:xsi="http://www.w3.org/2001/XMLSchema-instance" xsi:schemaLocation="http://www.loc.gov/MARC21/slim http://www.loc.gov/standards/marcxml/schema/MARC21slim.xsd"><leader>02841nam a2200361 c 4500</leader><controlfield tag="001">991000781539705502</controlfield><controlfield tag="005">20230407160427.0</controlfield><controlfield tag="008">040224s2001    gr ||||| |||| 00| ||gre d</controlfield><datafield ind1=" " ind2=" " tag="020"><subfield code="a">9603760315</subfield></datafield><datafield ind1=" " ind2=" " tag="035"><subfield code="a">(swissbib)100279694-41slsp_network</subfield></datafield><datafield ind1=" " ind2=" " tag="035"><subfield code="a">100279694</subfield><subfield code="9">ExL</subfield></datafield><datafield ind1=" " ind2=" " tag="035"><subfield code="a">(RERO)R003591442-41slsp</subfield></datafield><datafield ind1=" " ind2=" " tag="035"><subfield code="a">(EXLNZ-41SLSP_NETWORK)991150020869705501</subfield></datafield><datafield ind1=" " ind2=" " tag="040"><subfield code="a">RERO geulgm</subfield><subfield code="d">CH-ZuSLS</subfield></datafield><datafield ind1="1" ind2=" " tag="041"><subfield code="a">eng</subfield><subfield code="h">gre</subfield></datafield><datafield ind1=" " ind2="7" tag="072"><subfield code="a">gr</subfield><subfield code="2">rero</subfield></datafield><datafield ind1="1" ind2=" " tag="100"><subfield code="6">880-01</subfield><subfield code="a">Parikos, N.I</subfield><subfield code="0">(IDREF)244006202</subfield><subfield code="4">cre</subfield></datafield><datafield ind1="1" ind2=" " tag="880"><subfield code="6">100-01/(S</subfield><subfield code="a">Παρίκος, Ν.Ι.</subfield></datafield><datafield ind1="1" ind2="0" tag="245"><subfield code="6">880-02</subfield><subfield code="a">Northern routes</subfield><subfield code="b">music and songs from Epirus, Thrace, East Romilia &amp; Macedonia = Voreies diadromes : mousiki̲ kai tragoudia ti̲s Ipeirou, Thraki̲s, Anatoliki̲s Ro̲mylias kai Makedonias</subfield><subfield code="c">[texts N. I. Parikos]</subfield></datafield><datafield ind1="1" ind2="0" tag="880"><subfield code="6">245-02/(S</subfield><subfield code="a">Northern routes</subfield><subfield code="b">music and songs from Epirus, Thrace, East Romilia &amp; Macedonia = Βόρειες διαδρομές : μουσική και τραγούδια της Ηπείρου, Θράκης, Ανατολικής Ρωμυλίας και Μακεδονίας</subfield><subfield code="c">[texts Ν. Ι. Παρίκος]</subfield></datafield><datafield ind1=" " ind2="1" tag="264"><subfield code="6">880-03</subfield><subfield code="a">Athi̲na</subfield><subfield code="b">Polymesa ekpaidef̲tiki̲ mi̲chaniki̲</subfield><subfield code="c">2001</subfield></datafield><datafield ind1=" " ind2="1" tag="880"><subfield code="6">264-03/(S</subfield><subfield code="a">Αθήνα</subfield><subfield code="b">Πολυμέσα εκπαιδευτική μηχανική</subfield><subfield code="c">2001</subfield></datafield><datafield ind1=" " ind2=" " tag="300"><subfield code="a">200 p.</subfield><subfield code="c">21 cm</subfield><subfield code="e">1 CD audio</subfield></datafield><datafield ind1=" " ind2=" " tag="336"><subfield code="b">txt</subfield><subfield code="2">rdacontent</subfield></datafield><datafield ind1=" " ind2=" " tag="337"><subfield code="b">n</subfield><subfield code="2">rdamedia</subfield></datafield><datafield ind1=" " ind2=" " tag="338"><subfield code="b">nc</subfield><subfield code="2">rdacarrier</subfield></datafield><datafield ind1=" " ind2=" " tag="500"><subfield code="a">Texte grec, trad. ou translittération anglaise en regard</subfield></datafield><datafield ind1=" " ind2="7" tag="650"><subfield code="a">poésie populaire grecque</subfield><subfield code="0">(RERO)A010019757</subfield><subfield code="2">rerovoc</subfield></datafield><datafield ind1=" " ind2="7" tag="650"><subfield code="a">Chansons grecques (grec moderne)</subfield><subfield code="0">(IDREF)031748090</subfield><subfield code="2">idref</subfield></datafield><datafield ind1=" " ind2="7" tag="651"><subfield code="a">Grèce (nord)</subfield><subfield code="0">(IDREF)030187389</subfield><subfield code="2">idref</subfield></datafield><datafield ind1="1" ind2=" " tag="700"><subfield code="a">Parikos, N.I</subfield></datafield><datafield ind1="1" ind2="2" tag="700"><subfield code="6">880-04</subfield><subfield code="a">Parikos, N.I</subfield><subfield code="t">Voreies diadromes</subfield></datafield><datafield ind1="1" ind2="2" tag="880"><subfield code="6">700-04/(S</subfield><subfield code="a">Παρίκος, Ν.Ι</subfield><subfield code="t">Βόρειες διαδρομές</subfield></datafield><datafield ind1=" " ind2=" " tag="900"><subfield code="a">REROnoselfmerge</subfield></datafield></record>
</metadata></record>