<record><header><identifier>oai:alma.41SLSP_UGE:991000780909705502</identifier><datestamp>2024-04-11T00:18:55Z</datestamp><setSpec>UNIGE_ALL</setSpec></header><metadata>
<record xmlns="http://www.loc.gov/MARC21/slim" xmlns:xsi="http://www.w3.org/2001/XMLSchema-instance" xsi:schemaLocation="http://www.loc.gov/MARC21/slim http://www.loc.gov/standards/marcxml/schema/MARC21slim.xsd"><leader>02925ngm a2200457 c 4500</leader><controlfield tag="001">991000780909705502</controlfield><controlfield tag="005">20240410072003.0</controlfield><controlfield tag="007">vd#|v||||</controlfield><controlfield tag="008">140520s2014    fr ||| |          v|fre d</controlfield><datafield ind1=" " ind2=" " tag="035"><subfield code="a">(swissbib)119731568-41slsp_network</subfield></datafield><datafield ind1=" " ind2=" " tag="035"><subfield code="a">119731568</subfield><subfield code="9">ExL</subfield></datafield><datafield ind1=" " ind2=" " tag="035"><subfield code="a">(RERO)R007740728-41slsp</subfield></datafield><datafield ind1=" " ind2=" " tag="035"><subfield code="a">(EXLNZ-41SLSP_NETWORK)991124036589705501</subfield></datafield><datafield ind1=" " ind2=" " tag="040"><subfield code="a">RERO geumem</subfield><subfield code="d">CH-ZuSLS</subfield></datafield><datafield ind1="1" ind2=" " tag="041"><subfield code="a">fre</subfield><subfield code="h">ger</subfield><subfield code="h">eng</subfield></datafield><datafield ind1=" " ind2="7" tag="072"><subfield code="a">se</subfield><subfield code="2">rero</subfield></datafield><datafield ind1="0" ind2="0" tag="245"><subfield code="a">&lt;&lt;Le&gt;&gt; marché de la faim</subfield><subfield code="c">une soirée Thema présentée par Emilie Aubry</subfield></datafield><datafield ind1=" " ind2="1" tag="264"><subfield code="a">[Lieu de publication non identifié]</subfield><subfield code="b">Arte France [prod.], 2014</subfield></datafield><datafield ind1=" " ind2=" " tag="300"><subfield code="a">2 DVD-R (168 + 89 min.)</subfield></datafield><datafield ind1=" " ind2=" " tag="336"><subfield code="b">tdi</subfield><subfield code="2">rdacontent</subfield></datafield><datafield ind1=" " ind2=" " tag="337"><subfield code="b">v</subfield><subfield code="2">rdamedia</subfield></datafield><datafield ind1=" " ind2=" " tag="338"><subfield code="b">vd</subfield><subfield code="2">rdacarrier</subfield></datafield><datafield ind1="0" ind2=" " tag="490"><subfield code="a">Thema</subfield></datafield><datafield ind1=" " ind2=" " tag="500"><subfield code="a">Diffusé sur Arte, le 25 mars 2014</subfield></datafield><datafield ind1="0" ind2=" " tag="505"><subfield code="a">DVD 1) Nourrir à tous prix / de Yves Billy et Sylvain Roumette. - 2014. - 78 min.</subfield></datafield><datafield ind1="0" ind2=" " tag="505"><subfield code="a">DVD 1) L'aide au développement un cadeau empoisonné / de Peter Heller. - 2011. - 89 min.</subfield></datafield><datafield ind1="0" ind2=" " tag="505"><subfield code="a">DVD 2) La faim / de Marcus Vetter, Karin Steinberger. - 2014. 89 min.</subfield></datafield><datafield ind1="8" ind2=" " tag="520"><subfield code="a">1. &quot;Serons-nous capables de nourrir les 9 milliards d'individus qui peupleront la planète en 2050? Du Niger à l'Inde en passant par les Etats-Unis, un état des lieux scrupuleux des nouvelles logiques à l'oeuvre dans l'aide alimentaire, et une étude des options qui se dessinent pour l'avenir du monde agricole ? 2. De l'effet délétère de l'aide au développement et de certains projets humanitaires... À travers trois exemples africains, le documentariste Peter Heller montre comment des investissements inappropriés, une méconnaissance des modes de vie locaux, les sécheresses récurrentes, les atteintes à l'environnement et la corruption ont conduit à des situations dramatiques. 3. Le niveau de production alimentaire n'a jamais été aussi élevé qu'aujourd'hui. Pourtant, plus d'un milliard de personnes souffrent aujourd'hui de la faim dans le monde, et leur nombre ne cesse de grandir. Ce documentaire démonte pièce par pièce le scandale de la malnutrition, entretenue par un cynisme économique sans freins.&quot;</subfield><subfield code="5">RERO/geumem/05.2014</subfield></datafield><datafield ind1=" " ind2="7" tag="650"><subfield code="a">Aide alimentaire</subfield><subfield code="0">(IDREF)028131401</subfield><subfield code="2">idref</subfield></datafield><datafield ind1=" " ind2="7" tag="650"><subfield code="a">Malnutrition</subfield><subfield code="0">(IDREF)027578232</subfield><subfield code="2">idref</subfield></datafield><datafield ind1=" " ind2="7" tag="650"><subfield code="a">Agriculture</subfield><subfield code="0">(IDREF)027269892</subfield><subfield code="2">idref</subfield></datafield><datafield ind1=" " ind2="7" tag="650"><subfield code="a">Politique agricole</subfield><subfield code="0">(IDREF)027744175</subfield><subfield code="2">idref</subfield></datafield><datafield ind1=" " ind2="7" tag="650"><subfield code="a">Mondialisation</subfield><subfield code="0">(IDREF)03500407X</subfield><subfield code="2">idref</subfield></datafield><datafield ind1=" " ind2="7" tag="650"><subfield code="a">Élevage</subfield><subfield code="0">(IDREF)027225216</subfield><subfield code="2">idref</subfield></datafield><datafield ind1=" " ind2="7" tag="651"><subfield code="a">Pays en voie de développement</subfield><subfield code="0">(IDREF)027407918</subfield><subfield code="2">idref</subfield></datafield><datafield ind1=" " ind2="7" tag="655"><subfield code="a">DVD</subfield><subfield code="0">(IDREF)035108444</subfield><subfield code="2">idref</subfield></datafield><datafield ind1="1" ind2=" " tag="700"><subfield code="a">Aubry, Emilie</subfield><subfield code="0">(RERO)A020247989</subfield></datafield><datafield ind1="1" ind2=" " tag="700"><subfield code="a">Billy, Yves</subfield><subfield code="c">documentaliste</subfield><subfield code="d">19..-....</subfield><subfield code="0">(IDREF)080582079</subfield></datafield><datafield ind1="1" ind2=" " tag="700"><subfield code="a">Roumette, Sylvain</subfield><subfield code="d">1939-....</subfield><subfield code="0">(IDREF)028946405</subfield></datafield><datafield ind1="1" ind2=" " tag="700"><subfield code="a">Heller, Peter</subfield><subfield code="d">1920-....</subfield><subfield code="0">(IDREF)033745331</subfield></datafield><datafield ind1="1" ind2=" " tag="700"><subfield code="a">Vetter, Marcus</subfield><subfield code="0">(RERO)A013535372</subfield></datafield><datafield ind1="1" ind2=" " tag="700"><subfield code="a">Steinberger, Karin</subfield><subfield code="d">1967-....</subfield><subfield code="0">(IDREF)258481064</subfield></datafield></record>
</metadata></record>