<record><header><identifier>oai:alma.41SLSP_UGE:991000781429705502</identifier><datestamp>2023-03-01T01:10:14Z</datestamp><setSpec>uge_bcen_RapidILL_BOOK</setSpec><setSpec>uge_aaca_RapidILL_BOOK</setSpec><setSpec>uge_abels_RapidILL_BOOK</setSpec><setSpec>uge_dbu_RapidILL_BOOK</setSpec><setSpec>uge_cmu_RapidILL_BOOK</setSpec><setSpec>uge_mail_RapidILL_BOOK</setSpec><setSpec>UNIGE_ALL</setSpec><setSpec>uge_abbat_RapidILL_BOOK</setSpec><setSpec>uge_aobs_RapidILL_BOOK</setSpec><setSpec>uge_acar_RapidILL_BOOK</setSpec></header><metadata>
<record xmlns="http://www.loc.gov/MARC21/slim" xmlns:xsi="http://www.w3.org/2001/XMLSchema-instance" xsi:schemaLocation="http://www.loc.gov/MARC21/slim http://www.loc.gov/standards/marcxml/schema/MARC21slim.xsd"><leader>01177nam a2200313 c 4500</leader><controlfield tag="001">991000781429705502</controlfield><controlfield tag="005">20211031145441.0</controlfield><controlfield tag="008">870630s1981    gw ||||| |||| 00| ||ger d</controlfield><datafield ind1=" " ind2=" " tag="020"><subfield code="a">3458317759</subfield></datafield><datafield ind1=" " ind2=" " tag="035"><subfield code="a">(swissbib)081881878-41slsp_network</subfield></datafield><datafield ind1=" " ind2=" " tag="035"><subfield code="a">081881878</subfield><subfield code="9">ExL</subfield></datafield><datafield ind1=" " ind2=" " tag="035"><subfield code="a">(RERO)0859286-41slsp</subfield></datafield><datafield ind1=" " ind2=" " tag="035"><subfield code="a">(EXLNZ-41SLSP_NETWORK)991104779099705501</subfield></datafield><datafield ind1=" " ind2=" " tag="040"><subfield code="a">RERO geulal</subfield><subfield code="d">CH-ZuSLS</subfield></datafield><datafield ind1=" " ind2="7" tag="072"><subfield code="a">al</subfield><subfield code="2">rero</subfield></datafield><datafield ind1="1" ind2=" " tag="100"><subfield code="a">Goethe, Johann Wolfgang von</subfield><subfield code="d">1749-1832</subfield><subfield code="0">(IDREF)026895528</subfield><subfield code="4">cre</subfield></datafield><datafield ind1="1" ind2="0" tag="245"><subfield code="a">West-östlicher Divan</subfield><subfield code="c">Johann Wolfgang Goethe ; hrsg. und erl. von Hans-J. Weitz. Mit Essays zum &quot;Divan&quot; von Hugo von Hofmannsthal, Oskar Loerke und Karl Krolow</subfield></datafield><datafield ind1=" " ind2=" " tag="250"><subfield code="a">[4., revid. Aufl.]</subfield></datafield><datafield ind1=" " ind2="1" tag="264"><subfield code="a">Frankfurt am Main</subfield><subfield code="b">Insel Verlag</subfield><subfield code="c">1981</subfield></datafield><datafield ind1=" " ind2=" " tag="300"><subfield code="a">385 p.</subfield><subfield code="b">ill.</subfield><subfield code="c">18 cm</subfield></datafield><datafield ind1=" " ind2=" " tag="336"><subfield code="b">txt</subfield><subfield code="2">rdacontent</subfield></datafield><datafield ind1=" " ind2=" " tag="337"><subfield code="b">n</subfield><subfield code="2">rdamedia</subfield></datafield><datafield ind1=" " ind2=" " tag="338"><subfield code="b">nc</subfield><subfield code="2">rdacarrier</subfield></datafield><datafield ind1="1" ind2=" " tag="490"><subfield code="a">Insel Taschenbuch</subfield><subfield code="v">75</subfield></datafield><datafield ind1="1" ind2=" " tag="700"><subfield code="a">Weitz, Hans-Joachim</subfield><subfield code="d">1904-....</subfield><subfield code="0">(IDREF)033363293</subfield></datafield><datafield ind1="1" ind2=" " tag="700"><subfield code="a">Hofmannsthal, Hugo von</subfield><subfield code="d">1874-1929</subfield><subfield code="0">(IDREF)026923483</subfield></datafield><datafield ind1="1" ind2=" " tag="700"><subfield code="a">Loerke, Oskar</subfield><subfield code="0">(RERO)A003528115</subfield></datafield><datafield ind1="1" ind2=" " tag="700"><subfield code="a">Krolow, Karl</subfield><subfield code="0">(RERO)A003475700</subfield></datafield><datafield ind1=" " ind2=" " tag="830"><subfield code="a">Insel-Taschenbuch</subfield><subfield code="v">75</subfield><subfield code="w">(RERO)0443692-41slsp</subfield></datafield><datafield ind1=" " ind2=" " tag="900"><subfield code="a">REROnoselfmerge</subfield></datafield></record>
</metadata></record>