<record><header><identifier>oai:alma.41SLSP_UGE:991000780919705502</identifier><datestamp>2023-03-01T01:10:14Z</datestamp><setSpec>uge_bcen_RapidILL_BOOK</setSpec><setSpec>uge_aaca_RapidILL_BOOK</setSpec><setSpec>uge_abels_RapidILL_BOOK</setSpec><setSpec>uge_dbu_RapidILL_BOOK</setSpec><setSpec>uge_cmu_RapidILL_BOOK</setSpec><setSpec>uge_mail_RapidILL_BOOK</setSpec><setSpec>UNIGE_ALL</setSpec><setSpec>uge_abbat_RapidILL_BOOK</setSpec><setSpec>uge_aobs_RapidILL_BOOK</setSpec><setSpec>uge_acar_RapidILL_BOOK</setSpec></header><metadata>
<record xmlns="http://www.loc.gov/MARC21/slim" xmlns:xsi="http://www.w3.org/2001/XMLSchema-instance" xsi:schemaLocation="http://www.loc.gov/MARC21/slim http://www.loc.gov/standards/marcxml/schema/MARC21slim.xsd"><leader>01532nam a2200421 c 4500</leader><controlfield tag="001">991000780919705502</controlfield><controlfield tag="005">20201230232453.0</controlfield><controlfield tag="008">201011s1994    ii ||||| |||| 00| ||eng d</controlfield><datafield ind1=" " ind2=" " tag="019"><subfield code="a">Ray, Satyajit (1921-1992)</subfield></datafield><datafield ind1=" " ind2=" " tag="020"><subfield code="a">0140251227</subfield></datafield><datafield ind1=" " ind2=" " tag="035"><subfield code="a">(swissbib)222977159-41slsp_network</subfield></datafield><datafield ind1=" " ind2=" " tag="035"><subfield code="a">222977159</subfield><subfield code="9">ExL</subfield></datafield><datafield ind1=" " ind2=" " tag="035"><subfield code="a">(RERO)R236641960-41slsp</subfield></datafield><datafield ind1=" " ind2=" " tag="035"><subfield code="a">(NEBIS)001483693EBI01</subfield></datafield><datafield ind1=" " ind2=" " tag="035"><subfield code="a">(EXLNZ-41SLSP_NETWORK)991140363009705501</subfield></datafield><datafield ind1=" " ind2=" " tag="040"><subfield code="a">RERO geulan</subfield><subfield code="d">CH-ZuSLS</subfield></datafield><datafield ind1="1" ind2=" " tag="041"><subfield code="a">eng</subfield><subfield code="h">ben</subfield></datafield><datafield ind1=" " ind2="7" tag="072"><subfield code="a">an</subfield><subfield code="2">rero</subfield></datafield><datafield ind1="0" ind2="0" tag="082"><subfield code="a">891/.4437</subfield><subfield code="2">20</subfield></datafield><datafield ind1="1" ind2=" " tag="100"><subfield code="a">Ray, Satyajit</subfield><subfield code="d">1921-1992</subfield><subfield code="0">(DE-588)11926529X</subfield><subfield code="6">880-01</subfield></datafield><datafield ind1="1" ind2=" " tag="880"><subfield code="a">Ray, Satyajit</subfield><subfield code="0">(RERO)A003730369</subfield><subfield code="4">cre</subfield><subfield code="6">100-01</subfield></datafield><datafield ind1="1" ind2="0" tag="245"><subfield code="a">&lt;&lt;The&gt;&gt; mystery of the elephant god</subfield><subfield code="b">more adventures of Feluda</subfield><subfield code="c">Satyajit Ray ; [transl. from the Bengali by Gopa Majumdar]</subfield></datafield><datafield ind1=" " ind2="1" tag="264"><subfield code="a">New Delhi</subfield><subfield code="b">Penguin Books</subfield><subfield code="c">1994</subfield></datafield><datafield ind1=" " ind2=" " tag="300"><subfield code="a">VIII, 215 p.</subfield><subfield code="c">20 cm</subfield></datafield><datafield ind1=" " ind2=" " tag="336"><subfield code="b">txt</subfield><subfield code="2">rdacontent</subfield></datafield><datafield ind1=" " ind2=" " tag="337"><subfield code="b">n</subfield><subfield code="2">rdamedia</subfield></datafield><datafield ind1=" " ind2=" " tag="338"><subfield code="b">nc</subfield><subfield code="2">rdacarrier</subfield></datafield><datafield ind1="1" ind2=" " tag="490"><subfield code="a">A Penguin Original</subfield></datafield><datafield ind1=" " ind2=" " tag="500"><subfield code="a">Contient aussi : Tintoretto's Jesus, The criminals of Kathmandu</subfield></datafield><datafield ind1=" " ind2=" " tag="500"><subfield code="a">&quot;A Penguin original&quot;</subfield></datafield><datafield ind1="1" ind2="0" tag="600"><subfield code="a">Ray, Satyajit</subfield><subfield code="d">1921-1992</subfield><subfield code="v">Translations into English</subfield></datafield><datafield ind1=" " ind2="7" tag="650"><subfield code="a">Bengali</subfield><subfield code="2">idszbz</subfield></datafield><datafield ind1=" " ind2="7" tag="650"><subfield code="a">Kriminalgeschichte</subfield><subfield code="2">idszbz</subfield></datafield><datafield ind1=" " ind2="0" tag="650"><subfield code="a">Bengali fiction</subfield><subfield code="v">Translations into English</subfield></datafield><datafield ind1=" " ind2="0" tag="650"><subfield code="a">Children's literature, Bengali</subfield><subfield code="v">Translations into English</subfield></datafield><datafield ind1=" " ind2="7" tag="655"><subfield code="a">Ausgabe</subfield><subfield code="2">idszbz</subfield></datafield><datafield ind1="1" ind2=" " tag="700"><subfield code="a">Majumdar, Gopa</subfield><subfield code="d">1956-....</subfield><subfield code="0">(IDREF)035547952</subfield></datafield><datafield ind1=" " ind2=" " tag="830"><subfield code="a">Penguin books</subfield><subfield code="w">(RERO)0212309-41slsp</subfield></datafield><datafield ind1=" " ind2=" " tag="900"><subfield code="a">REROnoselfmerge</subfield></datafield></record>
</metadata></record>