<record><header><identifier>oai:alma.41SLSP_UGE:991000781439705502</identifier><datestamp>2023-03-01T01:10:14Z</datestamp><setSpec>uge_bcen_RapidILL_BOOK</setSpec><setSpec>uge_aaca_RapidILL_BOOK</setSpec><setSpec>uge_abels_RapidILL_BOOK</setSpec><setSpec>uge_dbu_RapidILL_BOOK</setSpec><setSpec>uge_cmu_RapidILL_BOOK</setSpec><setSpec>uge_mail_RapidILL_BOOK</setSpec><setSpec>UNIGE_ALL</setSpec><setSpec>uge_abbat_RapidILL_BOOK</setSpec><setSpec>uge_acar_RapidILL_BOOK</setSpec><setSpec>uge_aobs_RapidILL_BOOK</setSpec></header><metadata>
<record xmlns="http://www.loc.gov/MARC21/slim" xmlns:xsi="http://www.w3.org/2001/XMLSchema-instance" xsi:schemaLocation="http://www.loc.gov/MARC21/slim http://www.loc.gov/standards/marcxml/schema/MARC21slim.xsd"><leader>02819nam a2200565 c 4500</leader><controlfield tag="001">991000781439705502</controlfield><controlfield tag="005">20230214202606.0</controlfield><controlfield tag="008">201011s2002    ne ||||| |||| 10| ||eng d</controlfield><datafield ind1=" " ind2=" " tag="010"><subfield code="a">2002021461</subfield></datafield><datafield ind1=" " ind2=" " tag="020"><subfield code="a">9027247323</subfield><subfield code="q">Eur.hbk</subfield></datafield><datafield ind1=" " ind2=" " tag="020"><subfield code="a">1588111962</subfield><subfield code="q">US. hbk.</subfield></datafield><datafield ind1=" " ind2=" " tag="035"><subfield code="a">(swissbib)229950345-41slsp_network</subfield></datafield><datafield ind1=" " ind2=" " tag="035"><subfield code="a">229950345</subfield><subfield code="9">ExL</subfield></datafield><datafield ind1=" " ind2=" " tag="035"><subfield code="a">(RERO)R004413444-41slsp</subfield></datafield><datafield ind1=" " ind2=" " tag="035"><subfield code="a">(NEBIS)004408565EBI01</subfield></datafield><datafield ind1=" " ind2=" " tag="035"><subfield code="a">(IDSBB)002644078DSV01</subfield></datafield><datafield ind1=" " ind2=" " tag="035"><subfield code="a">(EXLNZ-41SLSP_NETWORK)991158851549705501</subfield></datafield><datafield ind1=" " ind2=" " tag="040"><subfield code="a">RERO geullg</subfield><subfield code="d">CH-ZuSLS</subfield></datafield><datafield ind1=" " ind2=" " tag="050"><subfield code="a">PE1075</subfield><subfield code="b">.I57 2000</subfield></datafield><datafield ind1=" " ind2="7" tag="072"><subfield code="a">lg</subfield><subfield code="2">rero</subfield></datafield><datafield ind1=" " ind2="7" tag="072"><subfield code="a">an</subfield><subfield code="2">rero</subfield></datafield><datafield ind1=" " ind2="7" tag="072"><subfield code="a">as</subfield><subfield code="2">SzZuIDS BS/BE</subfield></datafield><datafield ind1="0" ind2="4" tag="082"><subfield code="a">420/.9</subfield><subfield code="2">21</subfield></datafield><datafield ind1=" " ind2=" " tag="084"><subfield code="a">HE 140</subfield><subfield code="2">rvk</subfield></datafield><datafield ind1="0" ind2="0" tag="245"><subfield code="a">Sounds, words, texts and change</subfield><subfield code="b">selected papers from 11 ICEHL, Santiago de Compostela, 7-11 September 2000</subfield><subfield code="c">[ed. by] Teresa Fanego ... [et al.]</subfield></datafield><datafield ind1=" " ind2="1" tag="264"><subfield code="a">Amsterdam</subfield><subfield code="b">J. Benjamins</subfield><subfield code="c">2002</subfield></datafield><datafield ind1=" " ind2=" " tag="300"><subfield code="a">301 p.</subfield><subfield code="b">ill.</subfield></datafield><datafield ind1=" " ind2=" " tag="336"><subfield code="b">txt</subfield><subfield code="2">rdacontent</subfield></datafield><datafield ind1=" " ind2=" " tag="337"><subfield code="b">n</subfield><subfield code="2">rdamedia</subfield></datafield><datafield ind1=" " ind2=" " tag="338"><subfield code="b">nc</subfield><subfield code="2">rdacarrier</subfield></datafield><datafield ind1="1" ind2=" " tag="490"><subfield code="a">Amsterdam studies in the theory and history of linguistic science. Series 4, Current issues in linguistic theory</subfield><subfield code="v">vol. 224</subfield></datafield><datafield ind1=" " ind2=" " tag="500"><subfield code="a">This volume is a companion to another one also containing papers from the same conference: &quot;English historical syntax and morphology&quot;, selected papers from 11 ICEHL, Santiago de Compostela, 7-11 September 2000, edited by Teresa Fanego, María José López-Couso, and Javier Pérez-Guerra--Introd</subfield></datafield><datafield ind1=" " ind2=" " tag="504"><subfield code="a">Includes bibliographical references and index</subfield></datafield><datafield ind1=" " ind2="7" tag="650"><subfield code="a">Anglais (langue)</subfield><subfield code="0">(IDREF)027219232</subfield><subfield code="2">idref</subfield></datafield><datafield ind1=" " ind2="7" tag="650"><subfield code="a">Linguistique historique</subfield><subfield code="0">(IDREF)027236021</subfield><subfield code="2">idref</subfield></datafield><datafield ind1=" " ind2="7" tag="650"><subfield code="a">History of English</subfield><subfield code="v">Congresses</subfield><subfield code="2">idszbzes</subfield></datafield><datafield ind1=" " ind2="0" tag="650"><subfield code="a">English language</subfield><subfield code="x">History</subfield><subfield code="v">Congresses</subfield></datafield><datafield ind1=" " ind2="0" tag="650"><subfield code="a">English language</subfield><subfield code="x">Phonology, Historical</subfield><subfield code="v">Congresses</subfield></datafield><datafield ind1=" " ind2="0" tag="650"><subfield code="a">English language</subfield><subfield code="x">Etymology</subfield><subfield code="v">Congresses</subfield></datafield><datafield ind1=" " ind2="7" tag="650"><subfield code="a">Englische Sprache</subfield><subfield code="y">Geschichte</subfield><subfield code="v">Kongressbericht</subfield><subfield code="2">idsbb</subfield></datafield><datafield ind1=" " ind2="7" tag="650"><subfield code="a">Englische Sprache</subfield><subfield code="x">Etymologie</subfield><subfield code="v">Kongressbericht</subfield><subfield code="2">idsbb</subfield></datafield><datafield ind1=" " ind2="7" tag="655"><subfield code="a">Actes de congrès</subfield><subfield code="0">(IDREF)02886431X</subfield><subfield code="2">idref</subfield></datafield><datafield ind1=" " ind2="7" tag="655"><subfield code="a">Konferenzschrift</subfield><subfield code="z">Santiago de Compostela</subfield><subfield code="y">2000</subfield><subfield code="2">gnd-content</subfield></datafield><datafield ind1="1" ind2=" " tag="700"><subfield code="a">Fanego, Teresa</subfield><subfield code="0">(DE-588)1178564061</subfield><subfield code="6">880-02</subfield></datafield><datafield ind1="1" ind2=" " tag="880"><subfield code="6">700-02</subfield><subfield code="a">Fanego Lema, Teresa</subfield><subfield code="0">(IDREF)07120203X</subfield></datafield><datafield ind1="2" ind2=" " tag="711"><subfield code="a">International Conference on English Historical Linguistics</subfield><subfield code="0">(DE-588)248217-4</subfield></datafield><datafield ind1="2" ind2=" " tag="711"><subfield code="a">International Conference on English Historical Linguistics</subfield><subfield code="0">(DE-588)248217-4</subfield></datafield><datafield ind1="2" ind2=" " tag="711"><subfield code="a">International Conference on English Historical Linguistics</subfield><subfield code="n">11</subfield><subfield code="d">2000</subfield><subfield code="c">Santiago de Compostela</subfield><subfield code="0">(RERO)A013269665</subfield></datafield><datafield ind1=" " ind2=" " tag="830"><subfield code="a">Amsterdam studies in the theory and history of linguistic science</subfield><subfield code="p">Series 4, Current issues in linguistic theory</subfield><subfield code="v">224</subfield><subfield code="w">(NEBIS)001445396EBI01</subfield></datafield><datafield ind1=" " ind2=" " tag="900"><subfield code="a">REROnoselfmerge</subfield></datafield><datafield ind1=" " ind2=" " tag="900"><subfield code="a">IDSZ2esmon200305f</subfield><subfield code="c">IDSZ2kama</subfield><subfield code="d">IDSZ2esswk200305b</subfield><subfield code="e">IDSZ2leud</subfield></datafield></record>
</metadata></record>