<record><header><identifier>oai:alma.41SLSP_UGE:991000781229705502</identifier><datestamp>2023-03-06T01:08:29Z</datestamp><setSpec>uge_bcen_RapidILL_BOOK</setSpec><setSpec>uge_aaca_RapidILL_BOOK</setSpec><setSpec>uge_abels_RapidILL_BOOK</setSpec><setSpec>uge_dbu_RapidILL_BOOK</setSpec><setSpec>uge_cmu_RapidILL_BOOK</setSpec><setSpec>uge_mail_RapidILL_BOOK</setSpec><setSpec>uge_abbat_RapidILL_BOOK</setSpec><setSpec>UNIGE_ALL</setSpec><setSpec>uge_aobs_RapidILL_BOOK</setSpec><setSpec>uge_acar_RapidILL_BOOK</setSpec></header><metadata>
<record xmlns="http://www.loc.gov/MARC21/slim" xmlns:xsi="http://www.w3.org/2001/XMLSchema-instance" xsi:schemaLocation="http://www.loc.gov/MARC21/slim http://www.loc.gov/standards/marcxml/schema/MARC21slim.xsd"><leader>01219nam a2200361 c 4500</leader><controlfield tag="001">991000781229705502</controlfield><controlfield tag="005">20230305064919.0</controlfield><controlfield tag="008">181123s2013    sp ||||| |||| 00| ||spa d</controlfield><datafield ind1=" " ind2=" " tag="020"><subfield code="a">8476287321</subfield><subfield code="q">broché</subfield></datafield><datafield ind1=" " ind2=" " tag="020"><subfield code="a">9788476287323</subfield><subfield code="q">broché</subfield></datafield><datafield ind1=" " ind2=" " tag="035"><subfield code="a">(swissbib)125289847-41slsp_network</subfield></datafield><datafield ind1=" " ind2=" " tag="035"><subfield code="a">125289847</subfield><subfield code="9">ExL</subfield></datafield><datafield ind1=" " ind2=" " tag="035"><subfield code="a">(RERO)R008869655-41slsp</subfield></datafield><datafield ind1=" " ind2=" " tag="035"><subfield code="a">(EXLNZ-41SLSP_NETWORK)991055526479705501</subfield></datafield><datafield ind1=" " ind2=" " tag="040"><subfield code="a">BNM</subfield><subfield code="b">spa</subfield><subfield code="e">rdc</subfield><subfield code="d">CH-ZuSLS</subfield></datafield><datafield ind1=" " ind2="7" tag="072"><subfield code="a">go</subfield><subfield code="2">rero</subfield></datafield><datafield ind1=" " ind2=" " tag="080"><subfield code="a">332.2</subfield></datafield><datafield ind1=" " ind2=" " tag="080"><subfield code="a">332.82(460)</subfield></datafield><datafield ind1=" " ind2=" " tag="080"><subfield code="a">332.85(460)</subfield></datafield><datafield ind1=" " ind2=" " tag="080"><subfield code="a">338.45(460):69</subfield></datafield><datafield ind1="1" ind2=" " tag="100"><subfield code="a">Capel Sáez, Horacio</subfield><subfield code="d">1941-....</subfield><subfield code="0">(IDREF)030222826</subfield><subfield code="4">cre</subfield></datafield><datafield ind1="1" ind2="0" tag="245"><subfield code="a">&lt;&lt;La&gt;&gt; morfología de las ciudades</subfield><subfield code="b">III. agentes urbanos y mercado inmobiliario</subfield><subfield code="c">Horacio Capel</subfield></datafield><datafield ind1=" " ind2="1" tag="264"><subfield code="a">Barcelona</subfield><subfield code="b">Ed. del Serbal</subfield><subfield code="c">2013</subfield></datafield><datafield ind1=" " ind2=" " tag="300"><subfield code="a">461 p.</subfield></datafield><datafield ind1=" " ind2=" " tag="336"><subfield code="b">txt</subfield><subfield code="2">rdacontent</subfield></datafield><datafield ind1=" " ind2=" " tag="337"><subfield code="b">n</subfield><subfield code="2">rdamedia</subfield></datafield><datafield ind1=" " ind2=" " tag="338"><subfield code="b">nc</subfield><subfield code="2">rdacarrier</subfield></datafield><datafield ind1="1" ind2=" " tag="490"><subfield code="a">La estrella polar</subfield><subfield code="v">62</subfield></datafield><datafield ind1=" " ind2=" " tag="504"><subfield code="a">Bibliografía: p. [385]-448</subfield></datafield><datafield ind1=" " ind2="7" tag="650"><subfield code="a">Villes</subfield><subfield code="0">(IDREF)027255778</subfield><subfield code="2">idref</subfield></datafield><datafield ind1=" " ind2="7" tag="650"><subfield code="a">Immobilier</subfield><subfield code="0">(IDREF)027478874</subfield><subfield code="2">idref</subfield></datafield><datafield ind1=" " ind2=" " tag="830"><subfield code="a">Colección La estrella polar</subfield><subfield code="v">62</subfield><subfield code="w">(RERO)2209107-41slsp</subfield></datafield><datafield ind1=" " ind2=" " tag="900"><subfield code="a">REROnoselfmerge</subfield></datafield><datafield ind1=" " ind2=" " tag="910"><subfield code="a">OCoLC</subfield><subfield code="b">20181123</subfield><subfield code="c">Réutilisation sous conditions: Licence ODC-BY</subfield></datafield></record>
</metadata></record><record><header status="deleted"><identifier>oai:alma.41SLSP_UGE:991000781889705502</identifier><datestamp>2024-01-16T01:18:28Z</datestamp><setSpec>uge_bcen_RapidILL_BOOK</setSpec><setSpec>uge_aaca_RapidILL_BOOK</setSpec><setSpec>uge_abels_RapidILL_BOOK</setSpec><setSpec>uge_dbu_RapidILL_BOOK</setSpec><setSpec>uge_cmu_RapidILL_BOOK</setSpec><setSpec>uge_mail_RapidILL_BOOK</setSpec><setSpec>uge_abbat_RapidILL_BOOK</setSpec><setSpec>UNIGE_ALL</setSpec><setSpec>uge_aobs_RapidILL_BOOK</setSpec><setSpec>uge_acar_RapidILL_BOOK</setSpec></header></record>